3228 4868
177 256 346 352 11PR01..]
543 263 610 330 DE
633 261 906 334 SCACCARIO
1212 285 1272 333 111

222 434 356 500 XVIII.
379 431 532 518 Qualiter
545 433 596 500 vir
613 455 674 520 pro
688 456 793 502 vxore
809 435 863 502 vel
882 457 968 504 vxor
987 458 1048 522 pro
1065 437 1136 505 viro
1155 457 1277 504 conue-

178 538 300 604 nIenda
315 545 366 604 est
381 556 457 604 cum
473 537 528 604 ille
542 537 596 604 vel
611 538 669 604 illa
684 539 845 606 soluendo
861 561 927 607 non
945 551 1005 607 est.

221 642 320 706 XIX.
345 641 447 726 Quod
472 662 539 708 non
567 643 611 709 sit
640 643 729 709 idern
759 645 878 710 modus
907 645 1086 711 coercionis
1114 646 1276 712 baronum

178 745 263 828 regis
277 754 312 810 et
327 745 469 810 aliorum
484 745 517 811 in
532 747 627 831 penis
641 747 845 832 pecuniariis.

221 849 300 915 XX.
323 847 415 934 Quid
440 850 626 917 iaciendum
656 871 732 917 cum
762 871 942 920 economus
970 853 1027 938 qui
1056 852 1158 919 fidem
1182 853 1306 934 dedit5

178 953 221 1021 de
235 953 466 1046 satisfaciendo
481 973 549 1020 non
564 965 743 1041 comparet.
819 984 822 990 ’

221 1057 319 1122 ΧΧῙ.
344 1055 436 1142 Quid
464 1078 541 1124 cum
570 1058 706 1125 veniens
737 1078 804 1124 non
833 1060 1002 1137 satisfacit,
1031 1059 1059 1125 si
1093 1059 1188 1126 miles
1217 1069 1277 1124 est.

178 1159 280 1246 Quid,
294 1162 322 1226 si
338 1182 405 1227 non
421 1161 523 1230 miles.

221 1265 341 1330 XXII.
365 1265 518 1352 Qualiter
535 1267 607 1352 ipse
628 1268 784 1334 dominus
807 1269 993 1352 puniendus
1013 1277 1063 1334 est
1083 1267 1140 1352 qui
1157 1275 1277 1353 sponte

178 1369 318 1435 militem
334 1371 491 1456 exposuit
504 1382 541 1437 vt
556 1373 662 1455 possit
677 1372 808 1438 interim
825 1371 964 1440 liberari.
1294 1397 1324 1434 ιο

221 1473 358 1538 XXIII.
381 1473 474 1558 Quid
498 1475 542 1540 de
561 1485 682 1560 sponte
708 1476 920 1542 offerentibus
935 1475 1121 1542 iaciendum
1144 1495 1222 1542 cum
1243 1485 1278 1540 et

178 1577 241 1661 ipsi
257 1599 323 1642 non
338 1579 482 1644 soluunt.

221 1681 355 1748 XXIV.
378 1682 468 1767 Quid
484 1685 527 1750 de
542 1683 672 1749 releuiis
686 1693 806 1768 sponte
821 1705 889 1750 non
904 1683 1032 1751 solutis.

222 1785 337 1853 XXV.
360 1785 451 1870 Quid
465 1788 508 1853 de
521 1787 639 1854 auibus
654 1788 777 1854 oblatis
790 1787 980 1856 iaciendum
995 1797 1029 1854 et
1043 1807 1112 1872 quo
1125 1797 1276 1870 tempore

178 1892 431 1956 summonende.
1291 1915 1322 1969 15

222 1993 353 2058 XXVI.
378 1995 433 2060 De
447 2015 528 2061 auro
542 1995 664 2081 regine.

221 2097 373 2161 XXVII.
396 2097 497 2182 Quod
517 2099 613 2165 aliter
633 2101 677 2165 de
694 2098 796 2166 firmis
817 2110 919 2183 atque
938 2097 1034 2164 aliter
1056 2097 1099 2164 de
1118 2098 1277 2165 custodiis

177 2203 447 2284 respondendum
462 2211 496 2268 et
511 2201 574 2269 sub
590 2202 654 2268 alio
668 2211 783 2270 tenore
799 2203 882 2269 fides
896 2204 1020 2269 danda.

222 2306 392 2373 XXVIII.
416 2306 517 2391 Quod
533 2305 616 2372 tides
625 2307 830 2374 vicecomitis
843 2306 944 2372 semel
961 2307 1040 2373 data
1055 2307 1097 2374 de
1112 2305 1276 2391 legittimo

177 2420 337 2494 compoto
353 2410 497 2477 sufficiat
512 2431 572 2495 per
585 2411 786 2477 uniuersum.
1292 2434 1323 2471 ιο

553 2581 674 2666 Incipit
689 2580 773 2647 liber
787 2575 976 2668 secundus]

247 2719 336 2784 UDI
355 2739 408 2783 me
430 2718 531 2783 irater
548 2725 582 2782 et
602 2718 736 2784 auribus
754 2718 911 2782 audiendi
929 2717 1061 2802 percipe
1078 2737 1145 2800 que
1159 2715 1277 2801 loquar

283 2823 356 2889 tibi.
412 2823 490 2888 Non
519 2822 683 2907 penitebit
707 2833 743 2887 te
769 2822 937 2887 modicum
966 2831 1100 2906 tempus
1126 2831 1277 2904 ereptum

177 2925 254 2990 otiis
269 2927 458 3009 impendere
467 2925 553 2991 velle
567 2925 717 3008 negotiis.
756 2925 844 2992 Sunt
859 2926 946 2992 enirn
962 2945 1029 2991 non
1043 2925 1124 2990 nulli
1138 2925 1196 3008 qui
1212 2945 1278 2990 non

178 3031 376 3096 erubescunt
396 3031 505 3096 dicere
527 3030 560 3095 in
582 3030 737 3096 cordibus
758 3031 827 3096 suis
850 3029 926 3113 ‘qui
950 3029 1090 3112 apponit
1106 3029 1277 3094 scientiam
1291 3050 1322 3102 ¹5

178 3135 317 3217 apponit
328 3144 362 3200 et
374 3130 545 3200 dolorem'
589 3133 665 3198 Hiis
676 3153 816 3199 onerosa
827 3143 880 3198 est
894 3133 1044 3199 doctrina
1054 3141 1088 3198 et
1099 3132 1277 3198 iocundum

177 3238 349 3320 desipere:
373 3247 510 3322 propter
529 3235 593 3303 hoc
612 3236 657 3302 ab
675 3237 740 3302 hiis
760 3236 858 3320 longe
878 3236 967 3302 sacta
986 3245 1037 3300 est
1056 3235 1185 3313 veritas,
1200 3237 1279 3319 quia

178 3351 365 3406 metuentes
373 3342 555 3406 iocundum
570 3339 742 3424 discipline
754 3341 903 3406 laborem
917 3340 1066 3405 incidunt
1077 3339 1111 3404 in
1124 3360 1277 3406 errorem.

179 3445 281 3509 Fiunt
301 3445 400 3529 igitur
421 3445 489 3510 ceci
513 3445 624 3524 corde,
644 3445 841 3529 viarumque
863 3443 1009 3527 pericula
1034 3462 1101 3508 non
1123 3443 1277 3510 videntes

177 3549 290 3632 pronis
312 3549 477 3631 gressibus
503 3548 537 3612 in
560 3548 770 3632 precipitium
796 3557 906 3613 ruunt.
950 3547 1076 3612 Verum
1099 3555 1142 3626 te,
1167 3547 1277 3628 frater,
1291 3568 1324 3620 50

177 3651 288 3716 nullus
303 3653 374 3716 dies
392 3651 536 3717 otiosum
554 3652 704 3717 inueniat
718 3672 760 3717 ne
776 3660 811 3717 te
828 3652 913 3716 sorte
932 3661 1107 3716 vacantem
1125 3652 1277 3735 pessimis

177 3757 365 3839 quibusque
387 3755 529 3822 subiciat
551 3755 684 3839 pronior
709 3755 744 3819 in
766 3755 891 3822 malum
913 3753 1113 3820 Infinnitatis
1134 3755 1277 3822 humane

177 3859 336 3924 conditio.
382 3858 482 3942 Quod
509 3859 538 3924 si
568 3859 653 3924 forte
678 3859 738 3924 tibi
766 3857 857 3925 nulla
884 3868 973 3939 sunt,
999 3857 1141 3924 honesta
1164 3869 1278 3928 tamen

176 3961 267 4046 finge
287 3961 428 4047 negotia,
447 3971 485 4026 vt
505 3981 635 4046 semper
653 3961 854 4028 exercitatus
873 3961 1003 4027 animus
1024 3962 1212 4047 expeditior
1233 3964 1277 4030 sit

210 4130 323 4257 13le
334 4129 600 4258 bfflnffitfessliff
694 4143 741 4258 lgd
744 4139 775 4186 vt
787 4130 883 4257 poqsilte
890 4147 943 4187 om.
956 4131 984 4186 R
1077 4131 1281 4258 rc3releui9N

177 4211 289 4330 {fogiae
301 4215 426 4330 unga
461 4213 642 4345 27¹sdecipelrg
653 4201 702 4327 Xlu
741 4199 847 4344 {Q}
861 4289 914 4330 nec
925 4199 1274 4330 iiquelvgtcnnteriffiie.
