3228 4868
190 293 294 352 cers.
310 299 381 351 ms.
396 271 442 376 11]
556 277 624 356 DE
647 279 925 358 SCACCARIO
1225 309 1289 379 109

191 457 467 544 expaucioribus‚
478 457 565 525 hidis
575 469 716 528 constat.
761 461 851 528 Hinc
859 460 1068 528 hundredum
1079 461 1113 528 in
1124 465 1292 532 veteribus

191 582 307 648 regum
338 564 558 648 Anglicorum
587 565 767 650 priuilegiis
793 567 1009 632 centuriatam
1039 565 1200 633 nominari
1228 569 1292 634 ire·

191 677 331 750 quenter
353 668 513 736 inuenies.
556 669 742 736 Comitatus
765 679 879 736 autem
901 670 1018 736 eadem
1041 670 1117 757 lege
1142 691 1188 736 ex
1208 671 1292 737 hun·

191 772 302 837 dredis
323 783 497 852 constant;
526 773 591 840 hoc
614 783 666 840 est
688 773 825 857 quidam
847 795 892 839 ex
913 773 1062 858 pluribus
1085 776 1222 858 quidam
1248 797 1292 841 ex

192 876 411 961 paucioribus,
440 879 623 943 secundum
653 878 744 961 quod
778 878 886 944 diuisa
915 886 966 942 est
1001 887 1089 944 terra
1120 899 1181 962 per
1204 879 1320 957 viros5

191 980 359 1050 discretos.
402 981 591 1048 Comitatus
612 981 712 1066 igitur
732 1001 753 1048 a
775 981 895 1048 comite
917 982 1047 1062 dicitur,
1061 981 1115 1047 vel
1136 1003 1247 1048 comes
1271 1004 1293 1048 a

193 1084 363 1150 comitatu.
407 1083 529 1151 Comes
547 1093 658 1150 autem
674 1094 725 1151 cst
745 1085 802 1168 qui
821 1085 953 1150 tertiam
968 1085 1156 1169 portionem
1177 1107 1291 1152 eorum

190 1207 258 1270 que
279 1187 322 1254 de
348 1187 479 1274 placitis
503 1189 701 1274 proueniunt
730 1189 765 1252 in
786 1189 948 1254 comitatu
970 1188 1120 1273 quolibet
1141 1191 1292 1273 percipit.

194 1289 334 1358 Summa
355 1313 499 1377 namque
521 1293 586 1374 illc,
601 1312 667 1377 que
688 1293 825 1357 nomine
846 1291 942 1359 firme
966 1293 1142 1376 requiritur
1163 1314 1184 1358 a
1204 1293 1292 1359 vice·

191 1395 323 1474 comite,
348 1405 421 1462 tota
448 1417 515 1462 non
539 1397 672 1481 exurgit
696 1415 741 1461 ex
762 1397 940 1463 fundorum
964 1395 1148 1462 redditibus
1173 1406 1225 1462 set
1248 1417 1292 1461 ex
1308 1419 1338 1459 ιο

190 1515 317 1583 magna
331 1507 426 1582 parte
446 1501 489 1564 de
503 1499 633 1583 placitis
651 1499 804 1583 prouenit
822 1498 993 1564 ethorum
1012 1498 1145 1564 tertiam
1163 1507 1293 1583 partem

193 1619 307 1666 comes
322 1603 471 1686 percipit.
515 1601 583 1687 Qui
605 1603 680 1668 ideo
700 1601 747 1668 sic
766 1603 831 1669 dici
849 1603 969 1668 dicitur
988 1603 1067 1687 quia
1086 1601 1168 1668 fisco
1185 1602 1294 1668 socius

192 1713 245 1770 est
270 1715 305 1771 et
323 1725 436 1772 comes
455 1707 489 1770 in
509 1706 738 1792 percipiendis.
783 1707 887 1772 Porro
906 1707 1090 1772 vicecomes
1112 1707 1233 1772 dicitur
1251 1727 1293 1772 eo

191 1811 283 1892 quod
298 1809 404 1875 vicem
422 1810 553 1877 comitis
577 1809 732 1896 suppleat
752 1811 785 1876 in
806 1810 935 1893 placitis
955 1809 1017 1876 illis
1038 1809 1158 1895 quibus
1180 1829 1293 1875 comes

191 1931 239 1978 ex
252 1933 311 1978 sue
325 1913 494 1998 dignitatis
509 1915 637 1981 ratione
651 1915 837 2000 participat.
1307 1940 1337 1994 15

235 2015 433 2100 Discrpulus.
477 2019 652 2104 Numquid
677 2039 723 2085 ex
751 2017 891 2104 singulis
912 2017 1127 2084 comitatibus
1153 2018 1293 2084 comites

192 2117 260 2186 ista
274 2121 484 2204 percipiunt?

235 2224 413 2307 Magister.
457 2227 691 2312 Nequaquam.
735 2225 795 2293 Set
810 2225 857 2291 hii
877 2233 1009 2292 tantum
1027 2225 1091 2292 ista
1108 2225 1293 2310 percipiunt

191 2329 314 2414 quibus
329 2349 443 2413 regum
463 2329 689 2398 munificentia
701 2331 852 2415 obsequii
870 2331 999 2415 prestiti
1013 2329 1067 2396 vel
1082 2331 1203 2396 eximie
1217 2351 1293 2414 pro·

192 2432 307 2498 bitatis
322 2433 443 2499 intuitu
465 2436 604 2501 comites
620 2435 684 2501 sibi
702 2447 793 2502 creat
815 2444 851 2502 et
871 2434 1001 2501 ratione
1021 2433 1191 2519 dignitatis
1206 2433 1292 2499 illius
1307 2461 1340 2500 ιο

193 2535 256 2602 hec
272 2537 470 2603 conferenda
487 2538 644 2615 decemit,
659 2539 859 2624 quibusdam
878 2537 1074 2605 hereditarie
1092 2538 1294 2622 quibusdam

193 2640 421 2724 personaliter.

238 2743 384 2810 Rotulus
402 2747 592 2812 exactorius
611 2745 667 2814 ille
685 2757 736 2814 est
756 2747 790 2812 in
810 2766 878 2831 quo
899 2745 1052 2812 distincte
1070 2745 1150 2811 satis
1167 2753 1201 2810 et
1220 2744 1293 2810 dili-

198 2857 314 2931 genter
333 2859 534 2916 annotantur
551 2851 646 2918 firme
667 2851 839 2935 regisque
861 2869 905 2914 ex
927 2848 1062 2932 singulis
1084 2848 1294 2916 comitatibus

196 2962 373 3038 exurgunt¹
397 2953 488 3020 cuius
509 2975 642 3021 summa
664 2955 764 3020 minui
786 2954 921 3038 quidem
943 2972 1011 3018 non
1032 2961 1142 3038 potest
1166 2960 1216 3018 set
1236 2973 1296 3037 per
1308 2981 1339 3034 25

194 3073 369 3139 operosam
384 3057 583 3124 iustitiarum
598 3059 805 3145 diligentiam
820 3057 1008 3141 frequenter
1023 3065 1174 3140 augetur.
1227 3055 1295 3122 Re·

197 3153 362 3243 liquorum
393 3162 485 3241 ratio,
515 3163 639 3231 scilicet
667 3163 839 3230 annalium
864 3161 1059 3241 rotulorum,
1080 3171 1116 3226 et
1153 3159 1295 3226 aliorum

192 3284 337 3347 quorum
361 3286 461 3351 supra
486 3267 696 3334 meminimus
721 3288 788 3351 que
818 3266 851 3332 in
875 3265 1031 3330 thesauro
1057 3273 1133 3330 sunt
1159 3273 1194 3330 et
1217 3264 1295 3329 inde

192 3387 261 3432 non
279 3370 449 3450 recedunt,
470 3391 515 3436 ex
537 3371 694 3455 predictis
723 3371 804 3438 satis
829 3370 946 3454 liquet.
990 3367 1110 3434 Restat
1136 3367 1238 3452 igitur
1257 3376 1295 3433 vt

194 3471 239 3536 ad
254 3473 394 3539 maiores
408 3484 443 3540 et
458 3476 565 3560 magis
579 3476 778 3542 necessarias
800 3473 1023 3540 institutiones
1042 3471 1194 3538 scaccarii
1217 3490 1294 3536 con·
1307 3499 1341 3550 30

193 3585 371 3657 uertamur,
393 3575 428 3641 in
457 3578 578 3662 quibus
598 3587 636 3644 vt
659 3579 843 3663 predictum
868 3585 920 3643 est
947 3575 1164 3642 excellentior
1181 3583 1239 3640 'est
1260 3582 1295 3640 et

194 3678 306 3744 vtilior
321 3687 355 3747 et
370 3699 391 3744 a
404 3678 554 3766 pluribus
568 3683 725 3748 remotior
739 3681 894 3749 scaccarii
908 3679 1055 3746 scientia.

222 3811 390 3905 [Explicit
405 3817 490 3885 liber
504 3790 642 3905 primus.
687 3819 856 3906 Incipiunt
870 3817 1016 3903 capitula
1030 3816 1165 3884 secundi
1181 3815 1265 3882 libri.

242 3937 269 4002 Ι.
292 3937 349 4003 Ex
360 3939 483 4023 quibus
494 3949 530 4006 et
544 3941 687 4025 qualiter
697 3951 732 4008 et
746 3942 790 4008 ad
804 3939 886 4026 quid
897 3939 982 4004 fiunt
996 3937 1280 4003 summonitiones.

242 4040 289 4106 11.
313 4040 390 4127 Que
405 4043 449 4109 sit
463 4041 651 4111 differentia
665 4045 960 4111 summonitionum
970 4042 1142 4126 utriusque
1154 4041 1295 4108 termini.
1308 4067 1340 4119 3⁵

233 4189 266 4246 13
284 4179 456 4262 ¹eoonrdl'R
505 4179 805 4264 18·Magirt·erom.R
853 4191 889 4234 πο
906 4177 1067 4235 comitisN
1108 4178 1144 4234 26
1161 4176 1295 4262 iusticie?

194 4245 253 4374 gg
253 4329 264 4376 t
278 4259 466 4377 gustrcrarrum
477 4251 514 4308 N
517 4267 526 4308 r
548 4261 758 4312 rustruarrorurn
769 4249 957 4310 Heumann
1010 4263 1045 4321 34
1063 4257 1093 4306 et
1104 4249 1224 4322 qualiter
1229 4253 1298 4321 post
