3228 4868
334 259 398 339 148
701 251 772 324 DE
794 251 1071 327 SCACCARlO
1271 247 1323 350 111
1338 262 1397 326 xiv
1411 269 1440 327 c

297 445 319 496 c
333 433 458 512 relicto,
473 427 534 496 iuri
553 427 724 497 communi
739 427 833 495 vinat
852 429 1028 495 obnoxius
1072 429 1201 496 Cauert
1219 439 1333 496 autem
1347 431 1437 498 vice-

333 557 446 604 comes
469 545 506 602 vt
529 535 718 606 venditoren
740 551 820 598 suos
842 533 1067 617 premonuerit
1088 534 1123 597 in
1142 535 1325 602 vendendis
1346 535 1437 602 hunc

332 641 483 706 ordinem
508 639 707 718 obscurare3
743 636 880 703 mobilia
907 639 1067 720 cuiusque
1094 637 1203 721 primo
1227 641 1437 716 venduntur;

332 745 442 810 bobus
455 751 569 808 autern
587 741 765 818 arantrbrrs,
781 759 841 824 per
854 760 938 824 quoe
956 739 1158 826 agricultura
1176 741 1262 807 solet
1278 743 1438 820 exerceri,

306 857 496 932 equanturn
516 854 673 934 potemnt
690 854 840 930 parcant,
850 864 906 924 ne,
918 845 992 928 ipsa
1011 843 1195 924 deficiente,
1212 846 1345 912 debitor
1364 867 1434 910 am·

334 950 421 1034 plius
440 951 476 1015 in
498 951 644 1016 futurum
666 969 765 1032 egere
785 957 948 1032 cogatur.
978 946 1081 1031 Quod
1101 948 1130 1012 si
1152 969 1214 1014 nec
1231 950 1280 1014 sic
1298 951 1434 1032 quidem

332 1073 465 1120 summa
490 1075 557 1139 que
582 1053 760 1138 requiritur
783 1052 928 1136 exurgit,
953 1072 1014 1116 nec
1039 1051 1208 1118 arannbns
1232 1055 1435 1135 parcendum

333 1167 395 1224 ert.
439 1157 526 1224 Cum
540 1157 643 1242 igitur
655 1155 778 1234 omnia,
792 1175 857 1241 que
876 1156 921 1220 ad
941 1156 1052 1239 ipsum
1068 1155 1255 1240 specialiter
1267 1158 1436 1241 pertinent

333 1261 470 1342 venalia,
477 1262 670 1328 venundata
683 1261 797 1337 sintsi
812 1259 961 1325 nondum
975 1259 1181 1325 satisfactum
1192 1271 1252 1340 ert,
1262 1261 1437 1344 adscripti*

290 1396 323 1434 ιο
335 1367 457 1432 tiorum
477 1366 547 1432 eius
561 1365 683 1430 firndos
701 1365 835 1444 adeant,
848 1374 883 1428 et
904 1383 1020 1428 eorum
1040 1363 1161 1429 catalla
1176 1363 1267 1430 licite
1278 1365 1438 1443 vendant,

334 1471 484 1537 ordinem
497 1469 599 1536 simul
613 1479 649 1535 et
661 1469 771 1553 legem
791 1469 973 1552 predictam
988 1467 1213 1533 obser-erantne
1258 1469 1332 1534 Hec
1347 1467 1437 1533 enim

334 1574 377 1638 ad
404 1575 577 1642 dominum
603 1574 765 1657 pertinere
789 1582 979 1654 noscuntur,
1005 1573 1090 1638 sicut
1117 1573 1345 1656 supradictum
1374 1581 1438 1638 est.

246 1761 251 1771 Ι
334 1677 413 1762 Quo
438 1677 538 1758 facto,
563 1677 634 1742 siue
663 1676 711 1742 sic
730 1678 779 1742 de
803 1677 960 1760 requisita
988 1695 1121 1741 summa
1148 1676 1354 1742 satisfactum
1384 1677 1436 1752 sit,

335 1786 407 1850 siue
425 1805 501 1858 non.
514 1784 703 1850 venditores
721 1783 814 1848 iubet
832 1781 890 1846 lex
910 1791 1025 1848 nostra
1044 1783 1256 1866 requiescere,
1270 1782 1333 1849 nisi
1351 1781 1437 1847 forte

292 1913 322 1968 ¹⁵
335 1889 521 1972 scutagium
550 1887 604 1966 sit,
627 1887 718 1971 qnod
747 1909 768 1952 a
791 1887 937 1953 ¹domino
965 1887 1148 1971 requiritur.
1193 1887 1257 1952 Pro
1283 1887 1440 1968 scutagio

335 2007 489 2075 namque,
508 1991 538 2056 si
561 2011 627 2056 non
649 1991 794 2071 soluerit,
815 1991 872 2075 qui
895 1991 966 2075 regi
988 1999 1119 2056 tenetur
1139 1991 1294 2056 dominus
1315 1990 1436 2076 princi·

336 2094 428 2181 palis,
439 2111 510 2160 non
528 2104 659 2161 tantum
679 2097 811 2181 propria
829 2095 889 2159 sed
908 2105 943 2159 et
963 2095 1104 2160 militum
1126 2113 1260 2158 suorum
1282 2104 1316 2160 et
1338 2093 1437 2158 ascri·

335 2199 510 2282 ptitiorum
528 2199 648 2264 catalla
663 2199 787 2283 passim
802 2200 1011 2278 venduntur;
1034 2199 1118 2263 ratio
1132 2218 1278 2281 namque
1291 2197 1436 2282 scutagi-

335 2321 432 2366 orum
453 2300 572 2368 milites
592 2321 670 2367 suos
690 2322 812 2386 magna
831 2321 892 2386 pro
912 2313 1007 2386 parte
1025 2303 1167 2388 respicit,
1183 2303 1264 2386 quia
1283 2323 1351 2366 non
1374 2301 1437 2367 nisi

292 2433 324 2472 ro
336 2407 379 2472 de
401 2405 561 2471 militibus
582 2415 616 2472 et
637 2404 765 2472 ratione
784 2405 900 2472 militie
918 2409 988 2492 regi
1008 2408 1180 2474 debentur.
1222 2408 1303 2473 Vidi
1322 2416 1437 2472 tamen

336 2530 400 2595 ego
416 2509 493 2594 ipse,
506 2509 558 2576 cui
573 2509 722 2576 nondum
737 2530 820 2576 cana
835 2513 995 2576 memoria
1010 2521 1070 2589 est,
1086 2531 1147 2595 pro
1161 2511 1301 2594 singulis
1314 2511 1440 2576 debitis

336 2631 450 2678 eorum
469 2615 531 2698 qui
557 2633 625 2679 non
652 2613 899 2680 satisfaciebant
927 2634 994 2678 non
1023 2614 1130 2679 solum
1161 2614 1294 2698 propria
1319 2615 1377 2678 sed
1403 2625 1438 2678 et

336 2716 480 2782 militum
494 2736 631 2782 suorum
648 2725 683 2783 et
702 2717 959 2800 ascriptitiorum
973 2717 1094 2783 catalla
1107 2717 1199 2784 licite
1212 2717 1322 2783 vendi.
1368 2715 1438 2783 Sed

225 2849 227 2854 ¹
335 2819 471 2885 illustris
491 2820 577 2905 regis
597 2821 788 2887 constitutio
807 2821 841 2886 in
861 2823 1017 2907 scutagi'n
1033 2831 1167 2888 tanturm
1186 2821 1249 2888 boc
1268 2821 1442 2887 obseruari

292 2951 323 3010 ²5
337 2925 491 3005 decreuit,
513 2925 633 2990 ordine
661 2934 794 2991 seruato
819 2933 855 2990 vt
884 2927 975 3008 prius
1003 2926 1146 3010 propria,
1171 2926 1291 2991 dehinc
1320 2925 1437 3002 aliena,

336 3027 531 3094 vendantur.
570 3028 678 3113 Quod
698 3029 726 3093 si
747 3028 871 3094 militen
889 3049 938 3106 ea,
953 3049 1020 3113 que
1039 3030 1083 3094 de
1104 3027 1213 3095 leodis
1231 3029 1300 3094 suis
1317 3049 1439 3112 proue-

336 3131 443 3213 niunt,
469 3133 606 3198 domino
630 3132 789 3200 soluerint
812 3143 847 3199 et
871 3133 945 3210 hoc,
970 3133 1085 3200 oblata
1109 3135 1271 3212 cautione,
1297 3133 1440 3219 probare

332 3233 509 3312 voluerint,
529 3257 590 3320 pro
608 3236 682 3313 hiis,
702 3258 768 3322 que
788 3258 809 3301 a
830 3237 976 3303 dominis
997 3237 1216 3321 requiruntur,
1236 3238 1357 3304 catalla
1377 3257 1442 3302 sua

336 3340 517 3404 venundari
533 3341 590 3406 lex
604 3339 768 3425 prohibet.

274 3442 324 3554 ¹³3
381 3441 467 3508 ltem
485 3443 715 3509 admonendus
730 3451 782 3508 est
795 3444 978 3510 vicecomes
992 3453 1030 3510 vt
1044 3443 1220 3529 diligenter
1233 3464 1273 3509 ac
1287 3443 1439 3524 sollicite,

335 3554 498 3630 quantum
514 3549 646 3630 poterit,
662 3547 845 3632 inuestiget
859 3547 887 3611 si
903 3547 978 3632 quis
992 3547 1027 3611 in
1040 3549 1202 3614 comitatu
1220 3567 1281 3612 suo
1295 3547 1439 3614 debitori

334 3649 383 3716 illi
407 3651 440 3716 in
469 3647 667 3717 solutionem
685 3650 760 3715 ¹sibi
791 3649 935 3734 premite,
960 3650 1015 3716 vel
1041 3670 1143 3735 penes
1171 3672 1247 3716 eum
1275 3651 1440 3735 deposito,

334 3755 472 3837 pecunie
493 3763 657 3820 teneatur.
702 3753 804 3839 Quod
822 3757 851 3818 si
870 3755 1040 3820 inuentum
1054 3755 1163 3837 fuerit,
1178 3777 1199 3820 a
1213 3757 1366 3822 debitore
1380 3755 1441 3821 illo

330 3873 464 3923 summa
477 3857 542 3936 illa,
555 3877 622 3940 que
635 3859 680 3923 ab
695 3860 765 3925 eius
780 3858 943 3924 creditore
953 3858 1010 3942 qui
1026 3859 1095 3944 regi
1110 3867 1243 3926 tenetur
1254 3858 1443 3943 requiritur,

370 4058 712 4140 spoterant,parcnntc
774 4058 964 4142 murgam
1014 4059 1278 4130 9venundandaC
1347 4075 1381 4130 14
1392 4059 1439 4118 lex

333 4128 705 4282 na⁸prbb³tbbe¹bcfebeob3⁹mlyc
750 4199 790 4272 et]
803 4131 1103 4284 inbnesbgmmlibtum]
1116 4132 1444 4271 multumzlll'oetaqbelb

334 4267 383 4324 CR
452 4281 491 4336 31
510 4279 670 4340 rnuestrgtet
683 4271 720 4325 Ν
801 4287 854 4328 suo
865 4273 1040 4330 comitetuC
