3202 4870
344 281 408 348 aas
539 329 542 336 ,
712 261 779 328 DE
803 259 1078 330 SCACCARIO

387 434 420 496 P.
432 432 529 507 lauh
553 453 601 510 ²9·
614 437 690 495 siue
707 451 784 496 nom
805 433 872 494 The
880 434 1021 508 criminal,
1030 433 1097 495 who
1105 431 1183 506 flees,
1191 433 1277 500 when
1286 433 1324 496 he
1331 434 1449 498 hasnot

342 534 420 595 been
432 532 560 594 accused
573 530 609 592 oi
618 532 662 592 his
676 533 775 606 crime,
790 531 884 611 might
896 551 982 593 come
994 531 1096 592 within
1111 531 1160 593 the
1173 533 1277 594 Assize
1291 535 1327 601 of
1337 534 1448 596 North·

343 640 474 709 ampton,
485 650 510 693 c.
524 649 561 708 13
572 629 676 711 (Select
689 630 835 705 Charters,
850 651 880 710 p.
892 627 973 712 153),
982 631 1106 710 relating
1115 643 1147 692 to
1157 631 1241 693 those
1251 633 1318 692 who
1327 633 1388 694 had
1396 633 1449 694 leit

342 731 393 792 the
402 740 526 808 country
536 729 595 790 and
603 729 872 790 refusedtoreturn.
905 729 964 790 But
975 731 1307 809 theexactmeaningoi
1316 732 1449 794 obiam

343 828 434 890 isnot
446 827 532 888 clear.
574 826 702 888 Glanvill
722 827 867 888 discusses
885 826 1031 888 iorieiture
1049 827 1143 888 under
1161 828 1211 890 the
1229 839 1287 890 two
1305 829 1400 890 heads
1416 831 1454 890 oi

343 926 510 990 conviction
523 923 742 1004 andoutlawry.
784 925 851 986 The
861 927 1064 988 classification
1074 927 1144 987 herc
1155 927 1298 1005 probably
1308 939 1449 990 amouuts

343 1035 376 1088 to
389 1025 438 1085 the
451 1042 533 1086 same
546 1023 629 1102 thing
642 1025 805 1103 perversely
816 1025 918 1086 stated.
950 1024 995 1086 ct
1006 1025 1141 1099 Glanvill,
1153 1025 1198 1084 vii.
1213 1039 1260 1100 17.
1271 1026 1302 1104 §5
1314 1045 1332 1100 4
1345 1026 1407 1087 and
1420 1043 1449 1104 5.

385 1123 418 1182 P.
441 1127 509 1196 136,
530 1120 550 1182 1.
573 1140 600 1182 a.
621 1125 776 1184 moueris
802 1126 925 1184 nuos:
961 1122 1010 1182 the
1037 1122 1141 1182 Assiae
1168 1123 1203 1184 oi
1226 1123 1450 1202 Northampton

343 1217 464 1303 (1176),
477 1219 573 1282 which
586 1239 646 1280 was
658 1240 678 1282 a
691 1221 802 1282 stricter
815 1221 892 1282 form
905 1220 940 1281 of
949 1221 998 1282 the
1012 1220 1115 1282 Assiae
1128 1221 1164 1282 oi
1173 1221 1350 1284 Clarendom

424 1319 443 1378 l.
465 1323 493 1380 8.
513 1321 692 1382 Ionium
706 1337 788 1382 vero
800 1322 918 1392 pretia.
954 1319 1000 1380 Cf.
1016 1319 1047 1380 P.
1063 1319 1098 1379 R.
1116 1339 1150 1382 ra
1168 1319 1248 1382 Hem
1265 1321 1306 1383 11.
1321 1323 1448 1382 Laiacoln

344 1417 446 1479 ‘Idem
460 1417 623 1479 vicecomes
636 1417 729 1478 reddit
742 1427 915 1496 compotum
929 1417 966 1478 de
979 1417 1091 1479 catallis
1104 1417 1294 1496 fugitiuorum
1304 1431 1334 1480 et
1344 1437 1450 1481 eorum
1544 1476 1547 1484 .

342 1517 396 1596 qui
414 1516 562 1594 perierunt
580 1515 611 1576 in
627 1515 735 1577 iudicio
755 1534 831 1595 aque
851 1535 976 1596 quorum
993 1519 1116 1584 nomina
1136 1517 1183 1577 hic
1204 1518 1448 1580 subscribuntur:

345 1616 383 1676 In
400 1614 537 1676 thesauro
554 1615 621 1690 3312'
634 1624 664 1674 et
685 1617 745 1674 ros.
759 1623 789 1674 et
810 1615 856 1688 4d.
870 1615 901 1674 in
921 1635 960 1692 30
979 1615 1081 1676 talliis'
1130 1615 1224 1676 Other
1237 1617 1384 1678 instances
1399 1635 1451 1678 are

344 1713 456 1793 quoted
479 1715 519 1790 hy
537 1711 652 1774 Medon
676 1711 732 1793 (H.
745 1713 785 1772 E.
807 1731 836 1772 x.
857 1713 872 1791 ς
895 1716 923 1784 8,
944 1733 993 1792 pp.
1017 1729 1075 1789 ²²5
1096 1711 1163 1792 sq).
1213 1712 1293 1774 Note
1313 1715 1376 1776 that
1398 1717 1452 1778 the

345 1812 490 1890 Dialogus
502 1810 606 1872 knows
624 1811 747 1890 nothing
767 1811 803 1872 oi
819 1812 867 1873 the
886 1811 963 1890 right
975 1813 1011 1873 oi
1026 1813 1075 1872 the
1088 1809 1186 1872 mown
1200 1823 1233 1876 to
1247 1817 1282 1872 ‘a
1296 1830 1374 1891 year,
1390 1813 1453 1890 day
1580 1847 1581 1856 .

346 1911 406 1972 and
419 1907 524 1971 waste'
538 1908 574 1970 oi
585 1909 633 1970 the
647 1909 751 1970 felon’s
764 1909 857 1970 lands.
897 1909 1033 1984 Glanvill,
1047 1911 1093 1970 vii.
1112 1925 1158 1987 η.
1174 1932 1201 1984 4.

425 2008 443 2070 l.
468 2021 515 2084 ιγ.
536 2025 681 2080 quornm
693 2025 798 2082 supra
809 2011 1033 2070 meminimus.
1074 2009 1119 2069 Cs.
1134 2007 1175 2074 11.
1190 2009 1207 2074 'u
1221 2009 1367 2070 Asbove.

427 2107 446 2167 i
468 2125 515 2166 ao.
535 2109 592 2168 otc
610 2112 646 2168 st
662 2101 851 2168 tusssmiss
892 2105 1132 2168 Trcasure·trove
1156 2126 1216 2168 was
1239 2108 1290 2168 the
1312 2119 1454 2186 property

345 2204 381 2267 oi
396 2203 446 2266 the
465 2221 574 2278 crown,
593 2203 653 2264 and
670 2203 720 2264 the
738 2204 940 2266 concealment
956 2203 991 2266 ot
1007 2205 1030 2270 it
1045 2224 1066 2272 a
1084 2205 1217 2268 cnmiml
1234 2206 1358 2268 offense.
1400 2205 1450 2270 Cs.

346 2302 481 2375 Gianvill,
504 2301 522 2361 i.
546 2321 573 2374 a,
594 2301 649 2362 xiv.
672 2321 699 2362 a.
748 2299 902 2364 hstances
921 2303 958 2364 os
977 2313 1198 2366 measure-trove
1218 2303 1384 2372 accounted
1403 2303 1454 2372 sor·

346 2401 449 2481 hythe
463 2398 565 2460 sheriii
575 2399 630 2460 will
644 2400 682 2460 bc
695 2399 787 2460 iound
800 2401 832 2460 in
846 2399 970 2474 Madox,
984 2401 1028 2462 H.
1042 2401 1083 2462 E.
1097 2421 1127 2462 x.
1142 2403 1157 2479 §
1172 2403 1201 2474 8,
1216 2420 1246 2479 p.
1262 2421 1332 2479 ³34·

427 2503 518 2560 Item
547 2515 630 2560 oum
660 2501 738 2570 quis
771 2503 898 2566 hicum
931 2504 1077 2561 tandum
1111 2503 1249 2562 hahens.
1298 2499 1452 2579 Compare
1580 2477 1581 2538 ᾗ

347 2595 484 2672 Glauvill‚
507 2595 555 2656 vii.
580 2599 624 2658 1⁶.
651 2597 681 2674 §i
707 2615 765 2672 a-4
790 2597 885 2658 ‘Cum
912 2599 979 2677 quis
1005 2616 1074 2660 vero
1102 2597 1257 2658 intestatus
1283 2597 1451 2672 decesserit,

347 2696 449 2756 omnia
466 2694 570 2756 natalia
588 2713 642 2756 sua
659 2695 704 2757 sui
721 2695 833 2758 domini
852 2713 917 2756 esse
936 2696 1151 2774 intelliguntur3
1166 2741 1174 2760 .
1188 2739 1196 2756 .
1211 2741 1218 2761 .
1232 2695 1363 2756 Vsurarii
1380 2713 1454 2760 vero

348 2812 453 2856 omnes
475 2811 530 2867 res,
551 2794 613 2854 siue
637 2803 758 2856 testatus
781 2795 843 2856 siue
863 2795 1015 2856 intestatus
1035 2795 1219 2856 decessemnt
1240 2792 1316 2875 (sic),
1337 2793 1453 2855 domini

349 2892 441 2971 Regis
461 2903 546 2966 sunt;
578 2893 659 2953 vinus
680 2903 776 2954 autem
797 2911 858 2954 non
879 2893 952 2958 solet
972 2893 1077 2974 aliquis
1097 2894 1136 2956 de
1155 2894 1276 2955 crimine
1296 2911 1382 2956 vsure
1400 2911 1456 2970 ap·

347 2989 450 3070 peliari
472 3007 529 3054 nec
552 2990 695 3066 conuinci,
720 2991 773 3052 sed
795 2991 869 3052 inter
895 3003 1007 3052 ceteras
1031 2991 1122 3069 Regis
1148 2991 1350 3070 inquisitiones
1377 2991 1455 3058 solet

348 3089 454 3168 inquiri
467 3099 496 3150 et
512 3089 638 3167 probari,
652 3089 777 3168 aliquem
792 3091 823 3150 in
836 3091 885 3152 taii
902 3091 1024 3152 crimine
1043 3091 1202 3151 decessisse
1221 3109 1274 3169 per
1293 3090 1453 3155 duodecim
1580 3137 1581 3150 .

348 3186 458 3264 legales
486 3187 620 3248 homines
645 3185 681 3248 de
705 3188 828 3250 visineto
851 3199 881 3249 et
908 3207 961 3266 per
987 3207 1089 3250 eorum
1116 3199 1339 3250 sacramentum
1380 3188 1454 3262 Quo

349 3286 474 3364 probato
488 3285 518 3344 in
539 3285 626 3358 curia,
639 3303 744 3347 omnes
763 3303 810 3347 res
830 3287 954 3349 mobiles
970 3299 1000 3349 et
1017 3289 1118 3349 omnia
1135 3287 1239 3350 catalla
1257 3305 1316 3364 que
1334 3285 1455 3354 fuerunt

349 3383 441 3462 ipsius
455 3383 575 3443 vsurarii
588 3384 704 3458 mortui,
719 3383 757 3446 ad
771 3403 838 3446 usus
851 3385 962 3446 domini
977 3385 1069 3463 Regis
1083 3386 1234 3464 capientur
1244 3403 1336 3463 penes
1350 3403 1455 3462 querna

349 3497 476 3558 cumque
489 3479 674 3542 inueniantur
688 3499 734 3542 res
752 3482 807 3546 ille.
852 3481 952 3544 Heres
970 3501 1089 3563 quoque
1106 3483 1197 3562 ipsius
1217 3482 1272 3544 hae
1291 3481 1396 3543 eadem
1415 3481 1455 3546 de

288 3576 292 3586 '
349 3597 439 3641 causa
451 3578 645 3640 exheredatur
658 3579 820 3643 secundum
832 3581 878 3644 ius
891 3581 975 3658 regni
988 3591 1019 3650 tt
1031 3581 1071 3644 ad
1084 3581 1238 3642 dominum
1250 3581 1296 3643 vei
1315 3581 1454 3642 dominos

349 3687 508 3738 reuertetur
528 3675 680 3742 hereditas.
730 3677 887 3750 Sciendum
908 3690 1015 3752 tamen,
1029 3680 1111 3758 quod
1129 3679 1154 3744 si
1171 3680 1239 3758 quis
1259 3679 1359 3757 aliquo
1380 3687 1457 3740 tems

350 3795 422 3856 pore
443 3777 588 3837 vsurarius
606 3775 691 3837 fuerit
709 3777 741 3838 in
759 3777 816 3839 vita
837 3795 898 3852 sua,
924 3789 953 3838 et
975 3795 1063 3856 super
1085 3777 1143 3838 hoc
1166 3779 1198 3841 in
1220 3779 1314 3856 patria
1337 3778 1454 3856 publice

351 3875 522 3948 defamatus,
537 3874 561 3934 si
575 3885 673 3936 tamen
690 3893 709 3936 a
725 3874 831 3936 delicto
850 3875 915 3954 ipso
935 3887 1003 3938 ante
1020 3887 1148 3942 mortem
1165 3895 1251 3938 suam
1267 3876 1408 3942 destiterit
1422 3889 1454 3942 et

350 3972 542 4056 penitentiam
556 3972 655 4049 egerit,
669 3982 737 4050 post
750 3981 876 4034 mortem
889 3973 981 4052 ipsius
994 3973 1041 4034 ille
1054 3973 1100 4038 vel
1113 3991 1159 4036 res
1172 3975 1235 4036 eius
1249 3974 1315 4052 lege
1335 3976 1455 4042 usurarii

351 4069 473 4130 mirrime
505 4070 710 4132 censebuntur.
766 4069 892 4149 Oportet
918 4091 991 4150 ergo
1018 4083 1163 4144 constare,
1190 4073 1273 4151 quod
1307 4074 1455 4136 usurarius
1580 4089 1581 4098 ³

352 4166 508 4228 decesserit
535 4167 639 4246 aliquis
665 4167 705 4232 ad
730 4167 795 4242 hec,
823 4179 856 4230 ut
877 4169 916 4230 de
940 4189 977 4232 eo
1004 4179 1147 4250 tanquam
1174 4170 1212 4230 de
1233 4173 1363 4232 usurario
1386 4183 1455 4249 post

352 4273 479 4328 mortem
505 4265 596 4360 ipsius
622 4266 764 4330 iudicetur
787 4277 818 4330 et
839 4267 877 4329 de
898 4269 986 4332 rebus
1013 4271 1104 4349 ipsius
1132 4279 1274 4350 tanquam
1302 4269 1339 4338 de
1367 4271 1458 4335 rebus
