3210 4864
532 251 618 326 'oa
642 258 915 331 scnccnmo
1240 259 1281 351 '⁶7

179 438 343 512 quantum
359 429 402 496 de
416 428 494 497 albo
509 429 603 498 firme
618 452 680 516 pro
695 431 834 517 singulis
849 433 940 500 libris
955 433 1083 502 soluere
1096 443 1280 504 teneantur.

180 531 250 598 Sed
264 531 328 600 hec
343 533 429 600 ratio
444 555 568 618 cogens
579 545 631 600 est
645 537 688 601 de
704 535 797 602 firme
811 537 977 604 solutione
988 559 1055 604 non
1069 540 1112 606 de
1126 543 1281 607 scaccarii

179 636 335 702 sessione.
381 637 536 722 [Videtur
546 649 657 705 autem
669 639 716 704 eis
725 641 862 706 obuiare
872 642 929 726 qui
939 642 1053 708 dicunt
1063 644 1177 709 album
1188 644 1282 712 firme

179 761 201 806 a
214 741 421 824 temporibus
438 741 629 828 Anglorum
650 743 777 828 cepisse
798 746 888 828 quod
909 747 943 810 in
964 746 1046 812 libro
1061 747 1229 814 iudiciario
1247 751 1282 814 in

179 867 249 930 quo
270 847 373 913 totius
399 848 492 932 regni
515 849 695 932 descriptio
718 849 861 934 diligens
883 852 1071 919 continetur
1092 862 1215 920 ettam
1238 856 1309 936 de5

178 961 331 1034 tempore
350 951 436 1037 regis
460 952 617 1020 Edwardi
640 973 742 1036 quam
764 955 808 1018 de
831 962 982 1040 tempore
1004 957 1089 1041 regis
1111 955 1280 1038 Willelmi,

178 1055 243 1120 sub
253 1075 322 1138 quo
331 1053 438 1121 factus
447 1064 509 1132 est,
520 1056 725 1141 singulorum
736 1056 913 1125 fundorum
924 1057 1072 1128 valencia
1084 1063 1281 1146 exprimitur

179 1156 272 1224 nula
294 1179 429 1243 prorsus
454 1160 498 1223 de
520 1160 599 1226 albo
622 1159 716 1225 firme
739 1161 778 1226 fit
805 1163 939 1229 mentio.
983 1163 1082 1228 Vnde
1107 1165 1281 1246 probabile

178 1263 313 1327 videtur
327 1264 419 1346 quod
433 1263 521 1328 lacta
536 1263 593 1330 illa
612 1264 835 1350 descriptione
849 1276 1002 1351 tempore
1015 1265 1081 1331 iam
1097 1265 1177 1333 dicti
1193 1269 1280 1351 regis

179 1367 224 1432 de
237 1365 316 1432 albo
334 1365 502 1432 firmarum
513 1367 612 1434 luerit
626 1369 815 1434 astudiosis
829 1369 901 1434 eius
912 1369 1132 1436 constitutum
1143 1381 1280 1456 propter
1293 1373 1325 1477 ἐξ

179 1491 295 1536 causas
322 1490 387 1553 que
419 1469 553 1536 inferius
581 1467 811 1561 annotamus]
857 1471 1077 1557 Quocumque
1097 1495 1176 1540 vero
1196 1483 1278 1538 tcm-

181 1593 263 1658 pore
306 1575 430 1658 ceperit
465 1595 543 1640 vsus
580 1575 660 1654 eius,
700 1584 827 1641 certum
864 1585 914 1641 est
950 1578 1042 1661 quod
1083 1597 1279 1662 magnorum

178 1679 378 1744 auctoritate
396 1679 571 1764 roboratur
592 1681 677 1745 adeo
699 1689 736 1744 vt
755 1679 837 1744 nulli
858 1679 956 1746 liceat
977 1690 1106 1748 statuta
1127 1682 1279 1748 scaccarii

179 1782 354 1867 infringere
367 1783 420 1848 vel
440 1783 487 1848 eis
501 1784 618 1867 quauis
638 1785 828 1850 temeritate
846 1783 1006 1849 resistere.
1053 1783 1168 1850 Habet
1189 1784 1278 1849 enim

180 1887 247 1952 hoc
268 1907 446 1952 commune
468 1907 545 1953 curn
575 1887 648 1972 ipsa
669 1888 797 1953 domini
826 1889 912 1971 regis
945 1887 1033 1954 curia
1054 1887 1088 1953 in
1114 1906 1182 1970 qua
1207 1887 1323 1972 ipse15

181 1991 217 2055 in
243 1991 375 2076 propria
406 2011 549 2076 persona
573 1991 645 2056 iura
674 1983 828 2058 discernit
856 1991 948 2075 quod
973 2011 1035 2056 uec
1060 1992 1278 2058 recordationi

180 2113 243 2160 uec
271 2095 434 2160 sententie
459 2095 564 2159 ineo
593 2095 661 2160 late
685 2094 763 2161 licet
780 2093 889 2166 ¹alicui
911 2095 1144 2162 contradicere.
1187 2095 1278 2161 Huic

179 2207 293 2263 autem
313 2197 400 2263 cun'e
419 2207 490 2263 tam
507 2197 641 2282 insignis
659 2198 836 2263 auctoritas
857 2205 908 2263 est
926 2217 1002 2264 cum
1026 2209 1164 2282 propter
1188 2201 1278 2283 regie

178 2301 346 2386 ymaginis
378 2300 610 2366 excellentiam
644 2321 710 2384 que
744 2300 778 2365 in
807 2301 916 2386 sigillo
948 2303 1021 2369 eius
1054 2301 1088 2367 in
1122 2303 1278 2370 thesauro

177 2406 350 2472 indiuidua
371 2405 445 2489 lege
469 2413 621 2470 seruatur
645 2414 717 2471 tum
742 2415 878 2489 propter
906 2406 1043 2490 eosqui
1068 2407 1215 2474 assident
1240 2419 1277 2475 vt
1292 2441 1323 2478 ιο

178 2510 306 2576 dictum
329 2518 380 2575 est
401 2528 544 2592 quorum
568 2509 715 2576 sollertia
736 2518 827 2576 totus
850 2510 942 2595 regni
964 2519 1070 2576 status
1090 2511 1277 2596 indempnis

179 2623 339 2680 seruatur.
384 2613 458 2679 Illic
478 2614 567 2680 enim
590 2614 711 2680 residet
730 2612 879 2696 capitalis
897 2613 1024 2678 domini
1042 2615 1126 2698 regis
1142 2615 1277 2698 iustitia,

180 2717 306 2802 primus
320 2729 397 2803 post
417 2739 529 2803 regem
548 2718 580 2782 in
596 2737 700 2800 regno
720 2718 847 2783 ratione
862 2717 934 2799 fori,
949 2726 982 2783 et
1001 2719 1142 2783 maiores
1156 2719 1277 2803 quique

180 2822 224 2887 de
244 2842 348 2908 regno
372 2823 429 2906 qui
451 2821 643 2886 familiarius
665 2820 762 2904 regiis
787 2821 921 2886 secretis
946 2821 1104 2887 assistunt
1124 2831 1161 2887 vt
1186 2823 1278 2907 quod

179 2926 275 2991 luerit
294 2927 357 2991 sub
374 2933 544 2992 tantorum
565 2925 729 3010 presentia
751 2925 970 2991 constitutum
992 2925 1044 2990 vel
1065 2925 1276 2991 terminatum
1293 2953 1323 3010 ²5

180 3029 362 3094 inuiolabili
378 3030 448 3094 iure
463 3029 633 3095 subsistat.
670 3028 797 3094 Verum
809 3028 944 3114 quidam
957 3048 1002 3092 ex
1013 3029 1130 3108 officio,
1140 3029 1277 3112 quidam

180 3153 226 3199 ex
239 3134 312 3198 sola
327 3135 472 3199 iussione
486 3132 643 3217 principis
658 3131 812 3198 resident.
858 3132 915 3196 Ex
934 3129 1044 3197 officio
1058 3131 1278 3223 principaliter

179 3237 310 3318 residet,
324 3238 429 3303 immo
444 3249 478 3304 et
498 3237 654 3321 presidet,
671 3237 796 3319 primus
813 3236 848 3300 ln
863 3254 974 3320 regno,
988 3235 1137 3319 capitalis
1154 3237 1278 3303 scilicet

181 3341 313 3407 iustitia.
357 3341 445 3406 Huic
472 3351 585 3406 autem
610 3341 758 3408 assident
787 3359 832 3404 ex
855 3338 927 3404 sola
958 3339 1101 3404 iussione
1122 3341 1277 3426 principis

181 3454 411 3510 momentanea
420 3444 544 3511 scilicet
552 3454 587 3510 et
599 3443 714 3509 mobili
724 3443 920 3509 auctoritate
926 3443 1060 3526 quidam
1071 3444 1126 3528 qui
1138 3445 1278 3509 maiores
1291 3459 1324 3508 30

180 3559 216 3614 et
241 3549 445 3614 discretiores
470 3548 624 3614 videntur
649 3547 683 3612 in
713 3567 816 3630 regno
841 3547 912 3612 siue
937 3547 981 3612 de
1004 3547 1092 3612 clero
1117 3549 1183 3613 sint
1206 3549 1312 3612 siuec

180 3653 344 3720 decuria.
382 3651 543 3718 Assident
561 3653 696 3736 inquam
718 3651 761 3716 ad
782 3650 998 3716 discernenda
1020 3651 1148 3716 iura-et
1177 3651 1277 3716 dubia

168 3757 432 3824 determinanda
453 3775 518 3839 que
539 3757 727 3840 frequenter
744 3773 789 3818 ex
810 3755 1029 3821 incidentibus
1051 3755 1277 3838 questionibus

180 3863 341 3927 oriuntur.
385 3859 466 3924 Non
497 3858 585 3922 enim
616 3860 649 3922 in
680 3858 858 3924 ratiociniis
887 3858 946 3924 sed
976 3858 1011 3922 in
1040 3857 1277 3942 multiplicibus

169 3963 309 4034 ,iudiciis
330 3961 499 4029 excellens
520 3962 674 4026 scaccarii
696 3963 834 4028 scientia
856 3963 1016 4027 consistit.
1060 3961 1171 4028 Facile
1188 3963 1276 4028 enim
1291 3993 1322 4046 35

216 4095 282 4166 5-11
302 4077 685 4154 regni...annotauturN³
763 4081 836 4138 6de
848 4092 974 4154 tempore
986 4078 1085 4136 om.N
1166 4097 1199 4148 14
1216 4082 1277 4138 eius

180 4153 309 4224 qumisc
371 4165 402 4221 17
416 4151 616 4224 ineo]eiusR
674 4150 740 4207 licet
752 4163 781 4208 et
794 4153 916 4208 alicuiR
977 4154 1010 4208 18
1027 4152 1064 4210 de
1075 4153 1207 4210 thesauro
1218 4155 1278 4208 NR

180 4238 212 4278 21
232 4223 392 4294 indempnis
405 4225 543 4279 statusN
610 4221 646 4281 26
664 4223 801 4280 exofficio
812 4223 928 4296 quidam
939 4239 992 4280 om.
1005 4223 1033 4279 R
1109 4239 1141 4295 31
1155 4224 1281 4295 regioN

181 4307 213 4366 35
232 4291 375 4365 consistit]
387 4293 550 4351 considitR
1225 4347 1227 4352 .
