<?xml version="1.0" encoding="UTF-8"?>
<!DOCTYPE html PUBLIC "-//W3C//DTD XHTML 1.0 Transitional//EN"
    "http://www.w3.org/TR/xhtml1/DTD/xhtml1-transitional.dtd">
<html xmlns="http://www.w3.org/1999/xhtml" xml:lang="en" lang="en">
 <head>
  <title>
</title>
<meta http-equiv="Content-Type" content="text/html;charset=utf-8" />
  <meta name='ocr-system' content='tesseract 3.04.00' />
  <meta name='ocr-capabilities' content='ocr_page ocr_carea ocr_par ocr_line ocrx_word'/>
</head>
<body>
  <div class='ocr_page' id='page_1' title='image "./denecessariisob00fitzgoog_0160.png"; bbox 0 0 3228 4868; ppageno 0'>
   <div class='ocr_carea' id='block_1_1' title="bbox 176 247 1377 346">
    <p class='ocr_par' dir='ltr' id='par_1_1' title="bbox 176 247 1377 346">
     <span class='ocr_line' id='line_1_1' title="bbox 176 247 1377 346; baseline 0.004 -23"><span class='ocrx_word' id='word_1_1' title='bbox 176 269 209 330; x_wconf 73' lang='lat'>11</span> <span class='ocrx_word' id='word_1_2' title='bbox 225 257 285 323; x_wconf 85' lang='lat' dir='ltr'>xiii</span> <span class='ocrx_word' id='word_1_3' title='bbox 301 247 341 346; x_wconf 78' lang='lat' dir='ltr'>c]</span> <span class='ocrx_word' id='word_1_4' title='bbox 547 255 617 328; x_wconf 86' lang='lat' dir='ltr'>DE</span> <span class='ocrx_word' id='word_1_5' title='bbox 639 253 914 325; x_wconf 86' lang='lat' dir='ltr'>SCACCARIO</span> <span class='ocrx_word' id='word_1_6' title='bbox 1218 270 1281 342; x_wconf 89' lang='lat'>145</span> <span class='ocrx_word' id='word_1_7' title='bbox 1375 323 1377 328; x_wconf 86' lang='lat'>.</span> 
     </span>
    </p>
   </div>
   <div class='ocr_carea' id='block_1_2' title="bbox 179 425 1349 1961">
    <p class='ocr_par' dir='ltr' id='par_1_2' title="bbox 179 425 1349 1961">
     <span class='ocr_line' id='line_1_2' title="bbox 179 425 1284 510; baseline -0.004 -18"><span class='ocrx_word' id='word_1_8' title='bbox 179 427 349 507; x_wconf 90' lang='lat' dir='ltr'>insistunt,</span> <span class='ocrx_word' id='word_1_9' title='bbox 364 426 399 492; x_wconf 93' lang='lat' dir='ltr'>in</span> <span class='ocrx_word' id='word_1_10' title='bbox 412 435 621 492; x_wconf 85' lang='lat' dir='ltr'>numeratam</span> <span class='ocrx_word' id='word_1_11' title='bbox 643 427 819 510; x_wconf 87' lang='lat' dir='ltr'>pecuniam</span> <span class='ocrx_word' id='word_1_12' title='bbox 835 425 1006 492; x_wconf 85' lang='lat' dir='ltr'>sollicitior</span> <span class='ocrx_word' id='word_1_13' title='bbox 1028 445 1106 492; x_wconf 90' lang='lat' dir='ltr'>cura</span> <span class='ocrx_word' id='word_1_14' title='bbox 1122 425 1284 492; x_wconf 85' lang='lat' dir='ltr'>consistit.</span> 
     </span>
     <span class='ocr_line' id='line_1_3' title="bbox 181 529 1285 614; baseline -0.004 -16"><span class='ocrx_word' id='word_1_15' title='bbox 181 533 244 598; x_wconf 93' lang='lat' dir='ltr'>Per</span> <span class='ocrx_word' id='word_1_16' title='bbox 257 535 320 597; x_wconf 92' lang='lat' dir='ltr'>hec</span> <span class='ocrx_word' id='word_1_17' title='bbox 335 531 425 596; x_wconf 91' lang='lat' dir='ltr'>enim</span> <span class='ocrx_word' id='word_1_18' title='bbox 445 531 647 596; x_wconf 90' lang='lat' dir='ltr'>commercia</span> <span class='ocrx_word' id='word_1_19' title='bbox 660 529 789 596; x_wconf 80' lang='lat' dir='ltr'>facilius</span> <span class='ocrx_word' id='word_1_20' title='bbox 807 539 1005 597; x_wconf 82' lang='lat' dir='ltr'>exercentur</span> <span class='ocrx_word' id='word_1_21' title='bbox 1020 538 1056 597; x_wconf 88' lang='lat' dir='ltr'>et</span> <span class='ocrx_word' id='word_1_22' title='bbox 1070 540 1209 614; x_wconf 84' lang='lat' dir='ltr'>possunt</span> <span class='ocrx_word' id='word_1_23' title='bbox 1222 529 1285 594; x_wconf 91' lang='lat' dir='ltr'>hec</span> 
     </span>
     <span class='ocr_line' id='line_1_4' title="bbox 179 632 1286 717; baseline -0.007 -13"><span class='ocrx_word' id='word_1_24' title='bbox 179 637 214 704; x_wconf 92' lang='lat' dir='ltr'>in</span> <span class='ocrx_word' id='word_1_25' title='bbox 225 635 306 700; x_wconf 92' lang='lat' dir='ltr'>locis</span> <span class='ocrx_word' id='word_1_26' title='bbox 315 635 396 700; x_wconf 91' lang='lat' dir='ltr'>tutis</span> <span class='ocrx_word' id='word_1_27' title='bbox 407 643 442 699; x_wconf 91' lang='lat' dir='ltr'>et</span> <span class='ocrx_word' id='word_1_28' title='bbox 452 633 575 716; x_wconf 85' lang='lat' dir='ltr'>ignotis</span> <span class='ocrx_word' id='word_1_29' title='bbox 587 633 681 698; x_wconf 83' lang='lat' dir='ltr'>facile</span> <span class='ocrx_word' id='word_1_30' title='bbox 690 634 807 716; x_wconf 90' lang='lat' dir='ltr'>reponi</span> <span class='ocrx_word' id='word_1_31' title='bbox 819 655 827 712; x_wconf 94' lang='lat'>;</span> <span class='ocrx_word' id='word_1_32' title='bbox 842 633 932 700; x_wconf 88' lang='lat' dir='ltr'>vnde</span> <span class='ocrx_word' id='word_1_33' title='bbox 942 632 981 698; x_wconf 87' lang='lat' dir='ltr'>fit</span> <span class='ocrx_word' id='word_1_34' title='bbox 990 641 1115 716; x_wconf 91' lang='lat' dir='ltr'>vtsepe</span> <span class='ocrx_word' id='word_1_35' title='bbox 1125 633 1182 717; x_wconf 94' lang='lat' dir='ltr'>qui</span> <span class='ocrx_word' id='word_1_36' title='bbox 1191 633 1286 711; x_wconf 86' lang='lat' dir='ltr'>diues</span> 
     </span>
     <span class='ocr_line' id='line_1_5' title="bbox 180 737 1286 824; baseline -0.004 -18"><span class='ocrx_word' id='word_1_37' title='bbox 180 750 312 821; x_wconf 69' lang='lat' dir='ltr'>estnon</span> <span class='ocrx_word' id='word_1_38' title='bbox 323 738 516 822; x_wconf 89' lang='lat' dir='ltr'>patentibus</span> <span class='ocrx_word' id='word_1_39' title='bbox 527 737 590 802; x_wconf 93' lang='lat' dir='ltr'>hiis</span> <span class='ocrx_word' id='word_1_40' title='bbox 601 758 668 822; x_wconf 88' lang='lat' dir='ltr'>que</span> <span class='ocrx_word' id='word_1_41' title='bbox 680 737 795 816; x_wconf 90' lang='lat' dir='ltr'>latent,</span> <span class='ocrx_word' id='word_1_42' title='bbox 804 759 931 824; x_wconf 91' lang='lat' dir='ltr'>pauper</span> <span class='ocrx_word' id='word_1_43' title='bbox 940 747 1119 822; x_wconf 89' lang='lat' dir='ltr'>reputetur.</span> <span class='ocrx_word' id='word_1_44' title='bbox 1145 739 1286 822; x_wconf 83' lang='lat' dir='ltr'>Propter</span> 
     </span>
     <span class='ocr_line' id='line_1_6' title="bbox 181 841 1317 930; baseline -0.004 -20"><span class='ocrx_word' id='word_1_45' title='bbox 181 846 245 912; x_wconf 88' lang='lat' dir='ltr'>hoc</span> <span class='ocrx_word' id='word_1_46' title='bbox 263 846 362 930; x_wconf 91' lang='lat' dir='ltr'>igitur</span> <span class='ocrx_word' id='word_1_47' title='bbox 376 844 410 907; x_wconf 92' lang='lat' dir='ltr'>in</span> <span class='ocrx_word' id='word_1_48' title='bbox 425 842 487 908; x_wconf 91' lang='lat' dir='ltr'>hos</span> <span class='ocrx_word' id='word_1_49' title='bbox 505 841 638 926; x_wconf 88' lang='lat' dir='ltr'>grauius</span> <span class='ocrx_word' id='word_1_50' title='bbox 652 841 710 908; x_wconf 89' lang='lat' dir='ltr'>lex</span> <span class='ocrx_word' id='word_1_51' title='bbox 725 842 789 908; x_wconf 89' lang='lat' dir='ltr'>ista</span> <span class='ocrx_word' id='word_1_52' title='bbox 804 841 950 908; x_wconf 83' lang='lat' dir='ltr'>decernit</span> <span class='ocrx_word' id='word_1_53' title='bbox 965 842 1045 927; x_wconf 93' lang='lat' dir='ltr'>quia</span> <span class='ocrx_word' id='word_1_54' title='bbox 1058 841 1317 926; x_wconf 79' lang='lat' dir='ltr'>superhabun·5</span> 
     </span>
     <span class='ocr_line' id='line_1_7' title="bbox 181 945 1349 1030; baseline -0.002 -18"><span class='ocrx_word' id='word_1_55' title='bbox 181 949 265 1014; x_wconf 88' lang='lat' dir='ltr'>dans</span> <span class='ocrx_word' id='word_1_56' title='bbox 280 946 494 1030; x_wconf 88' lang='lat' dir='ltr'>pecuniarum</span> <span class='ocrx_word' id='word_1_57' title='bbox 510 955 629 1029; x_wconf 86' lang='lat' dir='ltr'>puteus</span> <span class='ocrx_word' id='word_1_58' title='bbox 644 965 711 1010; x_wconf 91' lang='lat' dir='ltr'>non</span> <span class='ocrx_word' id='word_1_59' title='bbox 726 946 768 1012; x_wconf 91' lang='lat' dir='ltr'>de</span> <span class='ocrx_word' id='word_1_60' title='bbox 783 945 872 1011; x_wconf 81' lang='lat' dir='ltr'>sacili</span> <span class='ocrx_word' id='word_1_61' title='bbox 883 945 1014 1011; x_wconf 87' lang='lat' dir='ltr'>videtur</span> <span class='ocrx_word' id='word_1_62' title='bbox 1028 945 1221 1012; x_wconf 84' lang='lat' dir='ltr'>exhaustus.</span> <span class='ocrx_word' id='word_1_63' title='bbox 1346 949 1349 958; x_wconf 90' lang='lat'>&#39;</span> 
     </span>
     <span class='ocr_line' id='line_1_8' title="bbox 223 1032 1287 1136; baseline -0.002 -22"><span class='ocrx_word' id='word_1_64' title='bbox 223 1032 438 1134; x_wconf 55' lang='lat' dir='ltr'>mapulas(</span> <span class='ocrx_word' id='word_1_65' title='bbox 478 1047 569 1133; x_wconf 86' lang='lat' dir='ltr'>Quid</span> <span class='ocrx_word' id='word_1_66' title='bbox 602 1049 706 1116; x_wconf 81' lang='lat' dir='ltr'>assisa</span> <span class='ocrx_word' id='word_1_67' title='bbox 737 1049 924 1116; x_wconf 89' lang='lat' dir='ltr'>communis</span> <span class='ocrx_word' id='word_1_68' title='bbox 955 1057 990 1114; x_wconf 92' lang='lat' dir='ltr'>et</span> <span class='ocrx_word' id='word_1_69' title='bbox 1022 1049 1109 1136; x_wconf 91' lang='lat' dir='ltr'>quis,</span> <span class='ocrx_word' id='word_1_70' title='bbox 1136 1049 1190 1115; x_wconf 91' lang='lat' dir='ltr'>vel</span> <span class='ocrx_word' id='word_1_71' title='bbox 1219 1069 1287 1132; x_wconf 93' lang='lat' dir='ltr'>quo</span> 
     </span>
     <span class='ocr_line' id='line_1_9' title="bbox 181 1139 1288 1238; baseline -0.002 -20"><span class='ocrx_word' id='word_1_72' title='bbox 181 1145 306 1230; x_wconf 82' lang='lat' dir='ltr'>ordine,</span> <span class='ocrx_word' id='word_1_73' title='bbox 330 1154 373 1218; x_wconf 92' lang='lat' dir='ltr'>de</span> <span class='ocrx_word' id='word_1_74' title='bbox 394 1152 467 1238; x_wconf 87' lang='lat' dir='ltr'>ipsa</span> <span class='ocrx_word' id='word_1_75' title='bbox 490 1153 689 1236; x_wconf 84' lang='lat' dir='ltr'>respondeat</span> <span class='ocrx_word' id='word_1_76' title='bbox 711 1174 757 1218; x_wconf 91' lang='lat' dir='ltr'>ex</span> <span class='ocrx_word' id='word_1_77' title='bbox 778 1139 938 1236; x_wconf 86' lang='lat' dir='ltr'>predictis</span> <span class='ocrx_word' id='word_1_78' title='bbox 960 1172 1082 1235; x_wconf 89' lang='lat' dir='ltr'>magna</span> <span class='ocrx_word' id='word_1_79' title='bbox 1106 1173 1168 1235; x_wconf 90' lang='lat' dir='ltr'>pro</span> <span class='ocrx_word' id='word_1_80' title='bbox 1190 1160 1288 1238; x_wconf 89' lang='lat' dir='ltr'>parte</span> 
     </span>
     <span class='ocr_line' id='line_1_10' title="bbox 182 1255 1287 1348; baseline -0.002 -28"><span class='ocrx_word' id='word_1_81' title='bbox 182 1257 249 1323; x_wconf 91' lang='lat' dir='ltr'>iam</span> <span class='ocrx_word' id='word_1_82' title='bbox 275 1263 406 1322; x_wconf 89' lang='lat' dir='ltr'>constat</span> <span class='ocrx_word' id='word_1_83' title='bbox 416 1279 426 1348; x_wconf 92' lang='grc' dir='ltr'>;Ι</span> <span class='ocrx_word' id='word_1_84' title='bbox 457 1276 555 1337; x_wconf 90' lang='lat' dir='ltr'>nunc,</span> <span class='ocrx_word' id='word_1_85' title='bbox 580 1255 608 1319; x_wconf 90' lang='lat' dir='ltr'>si</span> <span class='ocrx_word' id='word_1_86' title='bbox 633 1255 752 1339; x_wconf 89' lang='lat' dir='ltr'>placet,</span> <span class='ocrx_word' id='word_1_87' title='bbox 775 1257 820 1322; x_wconf 91' lang='lat' dir='ltr'>de</span> <span class='ocrx_word' id='word_1_88' title='bbox 844 1255 977 1321; x_wconf 87' lang='lat' dir='ltr'>auxiliis</span> <span class='ocrx_word' id='word_1_89' title='bbox 1002 1255 1056 1321; x_wconf 91' lang='lat' dir='ltr'>vel</span> <span class='ocrx_word' id='word_1_90' title='bbox 1085 1256 1182 1321; x_wconf 91' lang='lat' dir='ltr'>donis</span> <span class='ocrx_word' id='word_1_91' title='bbox 1207 1256 1287 1321; x_wconf 90' lang='lat' dir='ltr'>ciui·</span> 
     </span>
     <span class='ocr_line' id='line_1_11' title="bbox 181 1357 1334 1444; baseline -0.005 -17"><span class='ocrx_word' id='word_1_92' title='bbox 181 1369 291 1427; x_wconf 90' lang='lat' dir='ltr'>tatum</span> <span class='ocrx_word' id='word_1_93' title='bbox 310 1378 369 1424; x_wconf 85' lang='lat' dir='ltr'>seu</span> <span class='ocrx_word' id='word_1_94' title='bbox 389 1359 580 1444; x_wconf 82' lang='lat' dir='ltr'>burgorum,</span> <span class='ocrx_word' id='word_1_95' title='bbox 595 1358 738 1442; x_wconf 90' lang='lat' dir='ltr'>qualiter</span> <span class='ocrx_word' id='word_1_96' title='bbox 757 1379 802 1423; x_wconf 91' lang='lat' dir='ltr'>ex</span> <span class='ocrx_word' id='word_1_97' title='bbox 822 1359 884 1426; x_wconf 91' lang='lat' dir='ltr'>hiis</span> <span class='ocrx_word' id='word_1_98' title='bbox 903 1359 1052 1442; x_wconf 90' lang='lat' dir='ltr'>compoti</span> <span class='ocrx_word' id='word_1_99' title='bbox 1074 1357 1157 1424; x_wconf 89' lang='lat' dir='ltr'>fiant</span> <span class='ocrx_word' id='word_1_100' title='bbox 1177 1368 1211 1424; x_wconf 90' lang='lat' dir='ltr'>et</span> <span class='ocrx_word' id='word_1_101' title='bbox 1230 1358 1287 1440; x_wconf 93' lang='lat' dir='ltr'>qui</span> <span class='ocrx_word' id='word_1_102' title='bbox 1304 1385 1334 1422; x_wconf 85' lang='grc' dir='ltr'>ιο</span> 
     </span>
     <span class='ocr_line' id='line_1_12' title="bbox 182 1460 1289 1549; baseline -0.002 -21"><span class='ocrx_word' id='word_1_103' title='bbox 182 1463 406 1549; x_wconf 89' lang='lat' dir='ltr'>principaliter</span> <span class='ocrx_word' id='word_1_104' title='bbox 427 1462 643 1530; x_wconf 87' lang='lat' dir='ltr'>conueniendi</span> <span class='ocrx_word' id='word_1_105' title='bbox 660 1460 713 1526; x_wconf 88' lang='lat' dir='ltr'>vel</span> <span class='ocrx_word' id='word_1_106' title='bbox 735 1463 934 1528; x_wconf 89' lang='lat' dir='ltr'>cohercendi</span> <span class='ocrx_word' id='word_1_107' title='bbox 955 1462 1138 1546; x_wconf 86' lang='lat' dir='ltr'>superbiis</span> <span class='ocrx_word' id='word_1_108' title='bbox 1159 1460 1289 1542; x_wconf 86' lang='lat' dir='ltr'>fuerint,</span> 
     </span>
     <span class='ocr_line' id='line_1_13' title="bbox 183 1553 1240 1650; baseline -0.006 -16"><span class='ocrx_word' id='word_1_109' title='bbox 183 1568 346 1644; x_wconf 89' lang='lat' dir='ltr'>edissere;</span> <span class='ocrx_word' id='word_1_110' title='bbox 368 1567 488 1632; x_wconf 91' lang='lat' dir='ltr'>modus</span> <span class='ocrx_word' id='word_1_111' title='bbox 503 1567 593 1630; x_wconf 91' lang='lat' dir='ltr'>enim</span> <span class='ocrx_word' id='word_1_112' title='bbox 608 1566 811 1632; x_wconf 89' lang='lat' dir='ltr'>cohercionis</span> <span class='ocrx_word' id='word_1_113' title='bbox 826 1585 871 1630; x_wconf 90' lang='lat' dir='ltr'>ex</span> <span class='ocrx_word' id='word_1_114' title='bbox 886 1553 1039 1650; x_wconf 86' lang='lat' dir='ltr'>predictis</span> <span class='ocrx_word' id='word_1_115' title='bbox 1054 1566 1121 1630; x_wconf 92' lang='lat' dir='ltr'>iam</span> <span class='ocrx_word' id='word_1_116' title='bbox 1136 1575 1240 1650; x_wconf 87' lang='lat' dir='ltr'>patet.</span> 
     </span>
     <span class='ocr_line' id='line_1_14' title="bbox 225 1668 1289 1754; baseline -0.002 -20"><span class='ocrx_word' id='word_1_117' title='bbox 225 1671 401 1754; x_wconf 83' lang='lat' dir='ltr'>Magister.</span> <span class='ocrx_word' id='word_1_118' title='bbox 447 1668 588 1736; x_wconf 82' lang='lat' dir='ltr'>Gaudeo</span> <span class='ocrx_word' id='word_1_119' title='bbox 614 1679 649 1736; x_wconf 90' lang='lat' dir='ltr'>te</span> <span class='ocrx_word' id='word_1_120' title='bbox 679 1691 860 1736; x_wconf 87' lang='lat' dir='ltr'>memorem</span> <span class='ocrx_word' id='word_1_121' title='bbox 889 1671 1112 1754; x_wconf 89' lang='lat' dir='ltr'>predictorum</span> <span class='ocrx_word' id='word_1_122' title='bbox 1139 1679 1174 1734; x_wconf 92' lang='lat' dir='ltr'>et</span> <span class='ocrx_word' id='word_1_123' title='bbox 1201 1669 1289 1748; x_wconf 91' lang='lat' dir='ltr'>hinc,</span> 
     </span>
     <span class='ocr_line' id='line_1_15' title="bbox 183 1771 1288 1856; baseline -0.004 -16"><span class='ocrx_word' id='word_1_124' title='bbox 183 1776 298 1854; x_wconf 79' lang='lat' dir='ltr'>fatcor,</span> <span class='ocrx_word' id='word_1_125' title='bbox 314 1793 368 1839; x_wconf 89' lang='lat' dir='ltr'>me</span> <span class='ocrx_word' id='word_1_126' title='bbox 388 1773 494 1856; x_wconf 87' lang='lat' dir='ltr'>magis</span> <span class='ocrx_word' id='word_1_127' title='bbox 512 1772 674 1839; x_wconf 87' lang='lat' dir='ltr'>animasti.</span> <span class='ocrx_word' id='word_1_128' title='bbox 720 1773 863 1854; x_wconf 88' lang='lat' dir='ltr'>Noueris</span> <span class='ocrx_word' id='word_1_129' title='bbox 878 1773 991 1856; x_wconf 87' lang='lat' dir='ltr'>itaque</span> <span class='ocrx_word' id='word_1_130' title='bbox 1005 1773 1094 1856; x_wconf 93' lang='lat' dir='ltr'>quod</span> <span class='ocrx_word' id='word_1_131' title='bbox 1110 1771 1288 1856; x_wconf 90' lang='lat' dir='ltr'>plurimum</span> 
     </span>
     <span class='ocr_line' id='line_1_16' title="bbox 183 1876 1333 1961; baseline -0.003 -18"><span class='ocrx_word' id='word_1_132' title='bbox 183 1879 321 1944; x_wconf 90' lang='lat' dir='ltr'>interest</span> <span class='ocrx_word' id='word_1_133' title='bbox 339 1877 368 1942; x_wconf 89' lang='lat' dir='ltr'>si</span> <span class='ocrx_word' id='word_1_134' title='bbox 389 1877 524 1952; x_wconf 91' lang='lat' dir='ltr'>donum,</span> <span class='ocrx_word' id='word_1_135' title='bbox 538 1877 591 1941; x_wconf 92' lang='lat' dir='ltr'>vel</span> <span class='ocrx_word' id='word_1_136' title='bbox 610 1876 782 1955; x_wconf 92' lang='lat' dir='ltr'>auxilium,</span> <span class='ocrx_word' id='word_1_137' title='bbox 799 1877 945 1942; x_wconf 86' lang='lat' dir='ltr'>ciuitatis</span> <span class='ocrx_word' id='word_1_138' title='bbox 962 1897 1022 1961; x_wconf 86' lang='lat' dir='ltr'>per</span> <span class='ocrx_word' id='word_1_139' title='bbox 1037 1876 1167 1958; x_wconf 84' lang='lat' dir='ltr'>singula</span> <span class='ocrx_word' id='word_1_140' title='bbox 1181 1877 1290 1960; x_wconf 86' lang='lat' dir='ltr'>capita</span> <span class='ocrx_word' id='word_1_141' title='bbox 1304 1901 1333 1950; x_wconf 77' lang='lat'>¹⁵</span> 
     </span>
    </p>
   </div>
   <div class='ocr_carea' id='block_1_3' title="bbox 184 1979 1323 2376">
    <p class='ocr_par' dir='ltr' id='par_1_3' title="bbox 184 1979 1323 2376">
     <span class='ocr_line' id='line_1_17' title="bbox 184 1979 1323 2056; baseline -0.009 -8"><span class='ocrx_word' id='word_1_142' title='bbox 184 1979 461 2048; x_wconf 86' lang='lat' dir='ltr'>commorantium</span> <span class='ocrx_word' id='word_1_143' title='bbox 488 1980 521 2045; x_wconf 93' lang='lat' dir='ltr'>in</span> <span class='ocrx_word' id='word_1_144' title='bbox 548 2001 588 2044; x_wconf 90' lang='lat' dir='ltr'>ea</span> <span class='ocrx_word' id='word_1_145' title='bbox 613 2002 634 2046; x_wconf 96' lang='lat' dir='ltr'>a</span> <span class='ocrx_word' id='word_1_146' title='bbox 659 1981 791 2046; x_wconf 89' lang='lat' dir='ltr'>iustitiis</span> <span class='ocrx_word' id='word_1_147' title='bbox 817 1980 1043 2056; x_wconf 88' lang='lat' dir='ltr'>constituatur,</span> <span class='ocrx_word' id='word_1_148' title='bbox 1065 1980 1118 2045; x_wconf 90' lang='lat' dir='ltr'>vel</span> <span class='ocrx_word' id='word_1_149' title='bbox 1143 1981 1171 2045; x_wconf 90' lang='lat' dir='ltr'>si</span> <span class='ocrx_word' id='word_1_150' title='bbox 1198 1982 1323 2045; x_wconf 89' lang='lat' dir='ltr'>ciuesc</span> 
     </span>
     <span class='ocr_line' id='line_1_18' title="bbox 184 2083 1289 2169; baseline -0.004 -19"><span class='ocrx_word' id='word_1_151' title='bbox 184 2103 349 2150; x_wconf 86' lang='lat' dir='ltr'>summam</span> <span class='ocrx_word' id='word_1_152' title='bbox 371 2083 527 2167; x_wconf 87' lang='lat' dir='ltr'>aliquam,</span> <span class='ocrx_word' id='word_1_153' title='bbox 550 2103 616 2168; x_wconf 90' lang='lat' dir='ltr'>que</span> <span class='ocrx_word' id='word_1_154' title='bbox 638 2083 785 2169; x_wconf 88' lang='lat' dir='ltr'>principe</span> <span class='ocrx_word' id='word_1_155' title='bbox 807 2084 908 2168; x_wconf 85' lang='lat' dir='ltr'>digna</span> <span class='ocrx_word' id='word_1_156' title='bbox 927 2083 1088 2164; x_wconf 87' lang='lat' dir='ltr'>videatur,</span> <span class='ocrx_word' id='word_1_157' title='bbox 1107 2083 1289 2149; x_wconf 90' lang='lat' dir='ltr'>iustitiariis</span> 
     </span>
     <span class='ocr_line' id='line_1_19' title="bbox 184 2187 1289 2270; baseline -0.002 -16"><span class='ocrx_word' id='word_1_158' title='bbox 184 2188 326 2254; x_wconf 83' lang='lat' dir='ltr'>offerant</span> <span class='ocrx_word' id='word_1_159' title='bbox 341 2198 375 2254; x_wconf 89' lang='lat' dir='ltr'>et</span> <span class='ocrx_word' id='word_1_160' title='bbox 390 2188 434 2252; x_wconf 91' lang='lat' dir='ltr'>ab</span> <span class='ocrx_word' id='word_1_161' title='bbox 452 2187 499 2252; x_wconf 91' lang='lat' dir='ltr'>eis</span> <span class='ocrx_word' id='word_1_162' title='bbox 517 2187 725 2270; x_wconf 85' lang='lat' dir='ltr'>suscipiatur.</span> <span class='ocrx_word' id='word_1_163' title='bbox 770 2187 896 2270; x_wconf 90' lang='lat' dir='ltr'>Dispar</span> <span class='ocrx_word' id='word_1_164' title='bbox 912 2188 1000 2252; x_wconf 90' lang='lat' dir='ltr'>enim</span> <span class='ocrx_word' id='word_1_165' title='bbox 1020 2187 1054 2251; x_wconf 93' lang='lat' dir='ltr'>in</span> <span class='ocrx_word' id='word_1_166' title='bbox 1074 2187 1138 2252; x_wconf 88' lang='lat' dir='ltr'>hiis</span> <span class='ocrx_word' id='word_1_167' title='bbox 1157 2188 1289 2252; x_wconf 91' lang='lat' dir='ltr'>duobus</span> 
     </span>
     <span class='ocr_line' id='line_1_20' title="bbox 185 2277 1290 2376; baseline -0.001 -17"><span class='ocrx_word' id='word_1_168' title='bbox 185 2292 305 2360; x_wconf 88' lang='lat' dir='ltr'>modus</span> <span class='ocrx_word' id='word_1_169' title='bbox 330 2299 382 2356; x_wconf 91' lang='lat' dir='ltr'>est</span> <span class='ocrx_word' id='word_1_170' title='bbox 407 2277 618 2358; x_wconf 84' lang='lat' dir='ltr'>cohercionis.</span> <span class='ocrx_word' id='word_1_171' title='bbox 663 2290 703 2357; x_wconf 90' lang='lat' dir='ltr'>Si</span> <span class='ocrx_word' id='word_1_172' title='bbox 724 2291 811 2357; x_wconf 91' lang='lat' dir='ltr'>enim</span> <span class='ocrx_word' id='word_1_173' title='bbox 833 2311 893 2376; x_wconf 92' lang='lat' dir='ltr'>per</span> <span class='ocrx_word' id='word_1_174' title='bbox 913 2289 1062 2375; x_wconf 89' lang='lat' dir='ltr'>singulos</span> <span class='ocrx_word' id='word_1_175' title='bbox 1083 2312 1105 2356; x_wconf 90' lang='lat' dir='ltr'>a</span> <span class='ocrx_word' id='word_1_176' title='bbox 1127 2290 1290 2358; x_wconf 88' lang='lat' dir='ltr'>iudicibus</span> 
     </span>
    </p>
   </div>
   <div class='ocr_carea' id='block_1_4' title="bbox 183 2394 1337 4196">
    <p class='ocr_par' dir='ltr' id='par_1_4' title="bbox 183 2394 1337 3932">
     <span class='ocr_line' id='line_1_21' title="bbox 184 2394 1337 2480; baseline -0.006 -18"><span class='ocrx_word' id='word_1_177' title='bbox 184 2396 403 2462; x_wconf 87' lang='lat' dir='ltr'>constitutum</span> <span class='ocrx_word' id='word_1_178' title='bbox 433 2403 485 2465; x_wconf 75' lang='lat' dir='ltr'>ost</span> <span class='ocrx_word' id='word_1_179' title='bbox 513 2395 640 2461; x_wconf 91' lang='lat' dir='ltr'>donum</span> <span class='ocrx_word' id='word_1_180' title='bbox 666 2405 701 2462; x_wconf 91' lang='lat' dir='ltr'>et</span> <span class='ocrx_word' id='word_1_181' title='bbox 726 2396 866 2480; x_wconf 85' lang='lat' dir='ltr'>quilibet</span> <span class='ocrx_word' id='word_1_182' title='bbox 891 2415 1006 2460; x_wconf 91' lang='lat' dir='ltr'>eorum</span> <span class='ocrx_word' id='word_1_183' title='bbox 1032 2394 1193 2468; x_wconf 90' lang='lat' dir='ltr'>soluendo</span> <span class='ocrx_word' id='word_1_184' title='bbox 1222 2415 1289 2462; x_wconf 89' lang='lat' dir='ltr'>non</span> <span class='ocrx_word' id='word_1_185' title='bbox 1304 2418 1337 2456; x_wconf 82' lang='grc' dir='ltr'>2ο</span> 
     </span>
     <span class='ocr_line' id='line_1_22' title="bbox 184 2497 1290 2581; baseline -0.001 -16"><span class='ocrx_word' id='word_1_186' title='bbox 184 2499 293 2578; x_wconf 86' lang='lat' dir='ltr'>suerit,</span> <span class='ocrx_word' id='word_1_187' title='bbox 311 2497 368 2563; x_wconf 90' lang='lat' dir='ltr'>lex</span> <span class='ocrx_word' id='word_1_188' title='bbox 389 2498 540 2581; x_wconf 85' lang='lat' dir='ltr'>predicta</span> <span class='ocrx_word' id='word_1_189' title='bbox 558 2500 603 2564; x_wconf 92' lang='lat' dir='ltr'>de</span> <span class='ocrx_word' id='word_1_190' title='bbox 622 2497 749 2564; x_wconf 80' lang='lat' dir='ltr'>ciuibus</span> <span class='ocrx_word' id='word_1_191' title='bbox 767 2519 834 2564; x_wconf 91' lang='lat' dir='ltr'>non</span> <span class='ocrx_word' id='word_1_192' title='bbox 854 2498 1058 2564; x_wconf 88' lang='lat' dir='ltr'>soluentibus</span> <span class='ocrx_word' id='word_1_193' title='bbox 1078 2508 1237 2578; x_wconf 89' lang='lat' dir='ltr'>seruatur,</span> <span class='ocrx_word' id='word_1_194' title='bbox 1251 2507 1290 2564; x_wconf 90' lang='lat' dir='ltr'>vt</span> 
     </span>
     <span class='ocr_line' id='line_1_23' title="bbox 185 2601 1287 2688; baseline -0.002 -20"><span class='ocrx_word' id='word_1_195' title='bbox 185 2603 310 2668; x_wconf 86' lang='lat' dir='ltr'>seilicet</span> <span class='ocrx_word' id='word_1_196' title='bbox 321 2602 476 2688; x_wconf 86' lang='lat' dir='ltr'>domibus</span> <span class='ocrx_word' id='word_1_197' title='bbox 491 2611 526 2668; x_wconf 89' lang='lat' dir='ltr'>et</span> <span class='ocrx_word' id='word_1_198' title='bbox 541 2601 726 2668; x_wconf 87' lang='lat' dir='ltr'>redditibus</span> <span class='ocrx_word' id='word_1_199' title='bbox 736 2623 840 2686; x_wconf 90' lang='lat' dir='ltr'>vsque</span> <span class='ocrx_word' id='word_1_200' title='bbox 854 2604 898 2668; x_wconf 90' lang='lat' dir='ltr'>ad</span> <span class='ocrx_word' id='word_1_201' title='bbox 913 2601 1115 2668; x_wconf 90' lang='lat' dir='ltr'>solutionem</span> <span class='ocrx_word' id='word_1_202' title='bbox 1131 2603 1287 2686; x_wconf 91' lang='lat' dir='ltr'>priuetur.</span> 
     </span>
     <span class='ocr_line' id='line_1_24' title="bbox 187 2704 1316 2790; baseline 0.003 -19"><span class='ocrx_word' id='word_1_203' title='bbox 187 2706 237 2771; x_wconf 89' lang='lat' dir='ltr'>At</span> <span class='ocrx_word' id='word_1_204' title='bbox 259 2707 287 2769; x_wconf 90' lang='lat' dir='ltr'>si</span> <span class='ocrx_word' id='word_1_205' title='bbox 312 2706 441 2772; x_wconf 89' lang='lat' dir='ltr'>dictum</span> <span class='ocrx_word' id='word_1_206' title='bbox 463 2716 516 2772; x_wconf 79' lang='lat' dir='ltr'>est</span> <span class='ocrx_word' id='word_1_207' title='bbox 540 2728 562 2772; x_wconf 89' lang='lat' dir='ltr'>a</span> <span class='ocrx_word' id='word_1_208' title='bbox 587 2707 714 2772; x_wconf 89' lang='lat' dir='ltr'>ciuibus</span> <span class='ocrx_word' id='word_1_209' title='bbox 736 2706 920 2772; x_wconf 88' lang='lat' dir='ltr'>‘Dabimus</span> <span class='ocrx_word' id='word_1_210' title='bbox 942 2707 1014 2790; x_wconf 89' lang='lat' dir='ltr'>regi</span> <span class='ocrx_word' id='word_1_211' title='bbox 1037 2704 1147 2772; x_wconf 92' lang='lat' dir='ltr'>mille&#39;</span> <span class='ocrx_word' id='word_1_212' title='bbox 1168 2719 1202 2774; x_wconf 90' lang='lat' dir='ltr'>et</span> <span class='ocrx_word' id='word_1_213' title='bbox 1226 2709 1288 2774; x_wconf 91' lang='lat' dir='ltr'>hec</span> <span class='ocrx_word' id='word_1_214' title='bbox 1314 2718 1316 2723; x_wconf 82' lang='grc'><em>“</em></span> 
     </span>
     <span class='ocr_line' id='line_1_25' title="bbox 186 2809 1287 2894; baseline 0 -20"><span class='ocrx_word' id='word_1_215' title='bbox 186 2829 318 2874; x_wconf 90' lang='lat' dir='ltr'>summa</span> <span class='ocrx_word' id='word_1_216' title='bbox 339 2811 438 2892; x_wconf 82' lang='lat' dir='ltr'>digna</span> <span class='ocrx_word' id='word_1_217' title='bbox 459 2809 582 2894; x_wconf 85' lang='lat' dir='ltr'>suscipi</span> <span class='ocrx_word' id='word_1_218' title='bbox 605 2809 777 2889; x_wconf 91' lang='lat' dir='ltr'>iudicetur,</span> <span class='ocrx_word' id='word_1_219' title='bbox 795 2818 832 2874; x_wconf 89' lang='lat' dir='ltr'>vt</span> <span class='ocrx_word' id='word_1_220' title='bbox 846 2809 979 2875; x_wconf 89' lang='lat' dir='ltr'>statutis</span> <span class='ocrx_word' id='word_1_221' title='bbox 999 2811 1149 2876; x_wconf 89' lang='lat' dir='ltr'>terminis</span> <span class='ocrx_word' id='word_1_222' title='bbox 1170 2812 1287 2876; x_wconf 88' lang='lat' dir='ltr'>eadem</span> 
     </span>
     <span class='ocr_line' id='line_1_26' title="bbox 186 2912 1334 3000; baseline 0.001 -22"><span class='ocrx_word' id='word_1_223' title='bbox 186 2923 339 3000; x_wconf 84' lang='lat' dir='ltr'>exurgat,</span> <span class='ocrx_word' id='word_1_224' title='bbox 354 2912 417 2998; x_wconf 91' lang='lat' dir='ltr'>ipsi</span> <span class='ocrx_word' id='word_1_225' title='bbox 434 2913 644 2997; x_wconf 91' lang='lat' dir='ltr'>prouideant.</span> <span class='ocrx_word' id='word_1_226' title='bbox 688 2912 789 2998; x_wconf 88' lang='lat' dir='ltr'>Quod</span> <span class='ocrx_word' id='word_1_227' title='bbox 809 2913 838 2977; x_wconf 90' lang='lat' dir='ltr'>si</span> <span class='ocrx_word' id='word_1_228' title='bbox 852 2913 938 2980; x_wconf 82' lang='lat' dir='ltr'>sorte</span> <span class='ocrx_word' id='word_1_229' title='bbox 957 2933 1117 2978; x_wconf 90' lang='lat' dir='ltr'>excusare</span> <span class='ocrx_word' id='word_1_230' title='bbox 1134 2916 1289 2997; x_wconf 88' lang='lat' dir='ltr'>ceperint,</span> <span class='ocrx_word' id='word_1_231' title='bbox 1304 2931 1334 2987; x_wconf 79' lang='lat'>25</span> 
     </span>
     <span class='ocr_line' id='line_1_27' title="bbox 183 3016 1289 3101; baseline 0.002 -19"><span class='ocrx_word' id='word_1_232' title='bbox 183 3016 369 3100; x_wconf 84' lang='lat' dir='ltr'>allegantes</span> <span class='ocrx_word' id='word_1_233' title='bbox 382 3017 591 3100; x_wconf 88' lang='lat' dir='ltr'>quorundam</span> <span class='ocrx_word' id='word_1_234' title='bbox 607 3016 763 3100; x_wconf 89' lang='lat' dir='ltr'>inopiam,</span> <span class='ocrx_word' id='word_1_235' title='bbox 778 3019 836 3101; x_wconf 94' lang='lat' dir='ltr'>qui</span> <span class='ocrx_word' id='word_1_236' title='bbox 858 3017 892 3082; x_wconf 93' lang='lat' dir='ltr'>in</span> <span class='ocrx_word' id='word_1_237' title='bbox 912 3017 1023 3100; x_wconf 88' lang='lat' dir='ltr'>aliqua</span> <span class='ocrx_word' id='word_1_238' title='bbox 1045 3027 1139 3101; x_wconf 90' lang='lat' dir='ltr'>parte</span> <span class='ocrx_word' id='word_1_239' title='bbox 1159 3037 1289 3084; x_wconf 89' lang='lat' dir='ltr'>summe</span> 
     </span>
     <span class='ocr_line' id='line_1_28' title="bbox 185 3119 1289 3206; baseline 0.004 -22"><span class='ocrx_word' id='word_1_240' title='bbox 185 3119 282 3185; x_wconf 90' lang='lat' dir='ltr'>huius</span> <span class='ocrx_word' id='word_1_241' title='bbox 304 3123 513 3199; x_wconf 87' lang='lat' dir='ltr'>tenebantur,</span> <span class='ocrx_word' id='word_1_242' title='bbox 535 3130 614 3186; x_wconf 86' lang='lat' dir='ltr'>tunc</span> <span class='ocrx_word' id='word_1_243' title='bbox 636 3121 817 3205; x_wconf 89' lang='lat' dir='ltr'>diligenter,</span> <span class='ocrx_word' id='word_1_244' title='bbox 839 3120 903 3185; x_wconf 91' lang='lat' dir='ltr'>hoc</span> <span class='ocrx_word' id='word_1_245' title='bbox 925 3119 977 3185; x_wconf 88' lang='lat' dir='ltr'>&#39;cst</span> <span class='ocrx_word' id='word_1_246' title='bbox 998 3141 1058 3206; x_wconf 90' lang='lat' dir='ltr'>per</span> <span class='ocrx_word' id='word_1_247' title='bbox 1080 3119 1180 3186; x_wconf 90' lang='lat' dir='ltr'>fidem</span> <span class='ocrx_word' id='word_1_248' title='bbox 1202 3123 1289 3188; x_wconf 89' lang='lat' dir='ltr'>vice·</span> 
     </span>
     <span class='ocr_line' id='line_1_29' title="bbox 186 3223 1289 3308; baseline 0.002 -19"><span class='ocrx_word' id='word_1_249' title='bbox 186 3223 326 3306; x_wconf 91' lang='lat' dir='ltr'>comitis,</span> <span class='ocrx_word' id='word_1_250' title='bbox 338 3223 569 3308; x_wconf 91' lang='lat' dir='ltr'>inquirendum</span> <span class='ocrx_word' id='word_1_251' title='bbox 585 3223 682 3302; x_wconf 73' lang='lat' dir='ltr'>cetri</span> <span class='ocrx_word' id='word_1_252' title='bbox 696 3245 717 3289; x_wconf 91' lang='lat' dir='ltr'>a</span> <span class='ocrx_word' id='word_1_253' title='bbox 731 3233 882 3306; x_wconf 92' lang='lat' dir='ltr'>tempore</span> <span class='ocrx_word' id='word_1_254' title='bbox 897 3223 1068 3294; x_wconf 83' lang='lat' dir='ltr'>constituti</span> <span class='ocrx_word' id='word_1_255' title='bbox 1081 3244 1141 3308; x_wconf 90' lang='lat' dir='ltr'>per</span> <span class='ocrx_word' id='word_1_256' title='bbox 1154 3227 1289 3292; x_wconf 88' lang='lat' dir='ltr'>eosdem</span> 
     </span>
     <span class='ocr_line' id='line_1_30' title="bbox 187 3326 1290 3400; baseline 0.004 -10"><span class='ocrx_word' id='word_1_257' title='bbox 187 3329 278 3392; x_wconf 87' lang='lat' dir='ltr'>ciues</span> <span class='ocrx_word' id='word_1_258' title='bbox 301 3327 382 3392; x_wconf 88' lang='lat' dir='ltr'>doni</span> <span class='ocrx_word' id='word_1_259' title='bbox 408 3327 460 3392; x_wconf 87' lang='lat' dir='ltr'>vel</span> <span class='ocrx_word' id='word_1_260' title='bbox 484 3326 601 3392; x_wconf 86' lang='lat' dir='ltr'>auxilii</span> <span class='ocrx_word' id='word_1_261' title='bbox 625 3327 673 3390; x_wconf 90' lang='lat' dir='ltr'>hii</span> <span class='ocrx_word' id='word_1_262' title='bbox 697 3327 782 3392; x_wconf 90' lang='lat' dir='ltr'>tales</span> <span class='ocrx_word' id='word_1_263' title='bbox 807 3327 977 3394; x_wconf 86' lang='lat' dir='ltr'>extiterint</span> <span class='ocrx_word' id='word_1_264' title='bbox 997 3336 1035 3391; x_wconf 88' lang='lat' dir='ltr'>vt</span> <span class='ocrx_word' id='word_1_265' title='bbox 1063 3326 1195 3400; x_wconf 85' lang='lat' dir='ltr'>soluere</span> <span class='ocrx_word' id='word_1_266' title='bbox 1223 3350 1290 3395; x_wconf 89' lang='lat' dir='ltr'>non</span> 
     </span>
     <span class='ocr_line' id='line_1_31' title="bbox 185 3429 1335 3514; baseline 0.002 -18"><span class='ocrx_word' id='word_1_267' title='bbox 185 3430 342 3496; x_wconf 88' lang='lat' dir='ltr'>valerent.</span> <span class='ocrx_word' id='word_1_268' title='bbox 387 3429 490 3514; x_wconf 84' lang='lat' dir='ltr'>Quod</span> <span class='ocrx_word' id='word_1_269' title='bbox 518 3431 547 3494; x_wconf 91' lang='lat' dir='ltr'>si</span> <span class='ocrx_word' id='word_1_270' title='bbox 576 3430 749 3495; x_wconf 90' lang='lat' dir='ltr'>inuentum</span> <span class='ocrx_word' id='word_1_271' title='bbox 779 3430 888 3512; x_wconf 82' lang='lat' dir='ltr'>suerit,</span> <span class='ocrx_word' id='word_1_272' title='bbox 909 3430 1107 3514; x_wconf 87' lang='lat' dir='ltr'>prouideant</span> <span class='ocrx_word' id='word_1_273' title='bbox 1135 3431 1219 3496; x_wconf 90' lang='lat' dir='ltr'>alios</span> <span class='ocrx_word' id='word_1_274' title='bbox 1244 3447 1335 3498; x_wconf 77' lang='lat' dir='ltr'>exa0</span> 
     </span>
     <span class='ocr_line' id='line_1_32' title="bbox 186 3531 1290 3619; baseline 0.005 -22"><span class='ocrx_word' id='word_1_275' title='bbox 186 3534 306 3619; x_wconf 89' lang='lat' dir='ltr'>quibus</span> <span class='ocrx_word' id='word_1_276' title='bbox 320 3553 451 3599; x_wconf 88' lang='lat' dir='ltr'>summa</span> <span class='ocrx_word' id='word_1_277' title='bbox 466 3533 553 3617; x_wconf 91' lang='lat' dir='ltr'>prior</span> <span class='ocrx_word' id='word_1_278' title='bbox 567 3543 718 3618; x_wconf 88' lang='lat' dir='ltr'>exurgat,</span> <span class='ocrx_word' id='word_1_279' title='bbox 732 3531 785 3599; x_wconf 86' lang='lat' dir='ltr'>vel</span> <span class='ocrx_word' id='word_1_280' title='bbox 805 3553 863 3617; x_wconf 90' lang='lat' dir='ltr'>per</span> <span class='ocrx_word' id='word_1_281' title='bbox 878 3553 1054 3598; x_wconf 89' lang='lat' dir='ltr'>commune</span> <span class='ocrx_word' id='word_1_282' title='bbox 1074 3535 1290 3602; x_wconf 89' lang='lat' dir='ltr'>distribuatur</span> 
     </span>
     <span class='ocr_line' id='line_1_33' title="bbox 187 3637 1289 3722; baseline 0.005 -21"><span class='ocrx_word' id='word_1_283' title='bbox 187 3637 277 3722; x_wconf 91' lang='lat' dir='ltr'>quod</span> <span class='ocrx_word' id='word_1_284' title='bbox 298 3647 419 3715; x_wconf 84' lang='lat' dir='ltr'>restat3</span> <span class='ocrx_word' id='word_1_285' title='bbox 444 3657 568 3714; x_wconf 90' lang='lat' dir='ltr'>verum,</span> <span class='ocrx_word' id='word_1_286' title='bbox 586 3637 613 3702; x_wconf 92' lang='lat' dir='ltr'>si</span> <span class='ocrx_word' id='word_1_287' title='bbox 635 3647 786 3721; x_wconf 90' lang='lat' dir='ltr'>tempore</span> <span class='ocrx_word' id='word_1_288' title='bbox 807 3637 1052 3708; x_wconf 86' lang='lat' dir='ltr'>constitutionis</span> <span class='ocrx_word' id='word_1_289' title='bbox 1072 3639 1289 3706; x_wconf 89' lang='lat' dir='ltr'>abundabant</span> 
     </span>
     <span class='ocr_line' id='line_1_34' title="bbox 186 3736 1288 3826; baseline 0.002 -20"><span class='ocrx_word' id='word_1_290' title='bbox 186 3751 238 3806; x_wconf 88' lang='lat' dir='ltr'>set</span> <span class='ocrx_word' id='word_1_291' title='bbox 260 3740 333 3826; x_wconf 88' lang='lat' dir='ltr'>lege</span> <span class='ocrx_word' id='word_1_292' title='bbox 354 3741 484 3805; x_wconf 78' lang='lat' dir='ltr'>fortune</span> <span class='ocrx_word' id='word_1_293' title='bbox 505 3748 623 3805; x_wconf 88' lang='lat' dir='ltr'>natura</span> <span class='ocrx_word' id='word_1_294' title='bbox 645 3740 777 3806; x_wconf 90' lang='lat' dir='ltr'>mobilis</span> <span class='ocrx_word' id='word_1_295' title='bbox 800 3760 886 3804; x_wconf 92' lang='lat' dir='ltr'>nunc</span> <span class='ocrx_word' id='word_1_296' title='bbox 908 3751 1039 3826; x_wconf 87' lang='lat' dir='ltr'>egeant,</span> <span class='ocrx_word' id='word_1_297' title='bbox 1057 3736 1288 3811; x_wconf 75' lang='lat' dir='ltr'>sustinendum</span> 
     </span>
     <span class='ocr_line' id='line_1_35' title="bbox 186 3843 1027 3932; baseline -0.002 -22"><span class='ocrx_word' id='word_1_298' title='bbox 186 3853 239 3910; x_wconf 89' lang='lat' dir='ltr'>est</span> <span class='ocrx_word' id='word_1_299' title='bbox 253 3843 296 3909; x_wconf 91' lang='lat' dir='ltr'>de</span> <span class='ocrx_word' id='word_1_300' title='bbox 309 3843 373 3908; x_wconf 85' lang='lat' dir='ltr'>hiis</span> <span class='ocrx_word' id='word_1_301' title='bbox 387 3863 559 3928; x_wconf 88' lang='lat' dir='ltr'>quousque</span> <span class='ocrx_word' id='word_1_302' title='bbox 573 3865 632 3928; x_wconf 90' lang='lat' dir='ltr'>per</span> <span class='ocrx_word' id='word_1_303' title='bbox 646 3845 700 3909; x_wconf 92' lang='lat' dir='ltr'>dei</span> <span class='ocrx_word' id='word_1_304' title='bbox 715 3845 856 3932; x_wconf 87' lang='lat' dir='ltr'>gratiam</span> <span class='ocrx_word' id='word_1_305' title='bbox 871 3843 1027 3909; x_wconf 91' lang='lat' dir='ltr'>ditentur.</span> 
     </span>
    </p>

    <p class='ocr_par' dir='ltr' id='par_1_5' title="bbox 186 3978 1290 4196">
     <span class='ocr_line' id='line_1_36' title="bbox 225 3978 1288 4052; baseline 0.002 -16"><span class='ocrx_word' id='word_1_306' title='bbox 225 3995 237 4036; x_wconf 88' lang='lat'>1</span> <span class='ocrx_word' id='word_1_307' title='bbox 259 3979 430 4037; x_wconf 86' lang='lat' dir='ltr'>solliciorN</span> <span class='ocrx_word' id='word_1_308' title='bbox 477 3981 495 4036; x_wconf 87' lang='lat'>8</span> <span class='ocrx_word' id='word_1_309' title='bbox 513 3996 564 4051; x_wconf 91' lang='lat' dir='ltr'>pro</span> <span class='ocrx_word' id='word_1_310' title='bbox 574 3981 809 4052; x_wconf 80' lang='lat' dir='ltr'>partemagnaC</span> <span class='ocrx_word' id='word_1_311' title='bbox 852 3994 879 4050; x_wconf 87' lang='lat'>9,</span> <span class='ocrx_word' id='word_1_312' title='bbox 895 3993 928 4036; x_wconf 84' lang='grc' dir='ltr'>ιο</span> <span class='ocrx_word' id='word_1_313' title='bbox 946 3979 982 4036; x_wconf 87' lang='lat' dir='ltr'>de</span> <span class='ocrx_word' id='word_1_314' title='bbox 994 3981 1076 4038; x_wconf 87' lang='lat' dir='ltr'>donis</span> <span class='ocrx_word' id='word_1_315' title='bbox 1087 3978 1232 4038; x_wconf 88' lang='lat' dir='ltr'>ciuitatum</span> <span class='ocrx_word' id='word_1_316' title='bbox 1243 3985 1288 4039; x_wconf 84' lang='lat' dir='ltr'>vel</span> 
     </span>
     <span class='ocr_line' id='line_1_37' title="bbox 186 4051 1290 4124; baseline 0.004 -17"><span class='ocrx_word' id='word_1_317' title='bbox 186 4051 224 4107; x_wconf 92' lang='lat' dir='ltr'>de</span> <span class='ocrx_word' id='word_1_318' title='bbox 235 4051 342 4106; x_wconf 87' lang='lat' dir='ltr'>auxiliis</span> <span class='ocrx_word' id='word_1_319' title='bbox 354 4052 506 4124; x_wconf 83' lang='lat' dir='ltr'>burgorum</span> <span class='ocrx_word' id='word_1_320' title='bbox 517 4059 546 4106; x_wconf 83' lang='lat' dir='ltr'>et</span> <span class='ocrx_word' id='word_1_321' title='bbox 557 4051 716 4122; x_wconf 77' lang='lat' dir='ltr'>qualiterc</span> <span class='ocrx_word' id='word_1_322' title='bbox 820 4051 852 4107; x_wconf 83' lang='lat'>18</span> <span class='ocrx_word' id='word_1_323' title='bbox 871 4051 1044 4122; x_wconf 82' lang='lat' dir='ltr'>suscipiatR</span> <span class='ocrx_word' id='word_1_324' title='bbox 1148 4067 1181 4110; x_wconf 78' lang='lat'>21</span> <span class='ocrx_word' id='word_1_325' title='bbox 1200 4052 1290 4112; x_wconf 71' lang='lat' dir='ltr'>nnnc</span> 
     </span>
     <span class='ocr_line' id='line_1_38' title="bbox 187 4121 1286 4196; baseline 0.005 -18"><span class='ocrx_word' id='word_1_326' title='bbox 187 4122 368 4178; x_wconf 82' lang='lat' dir='ltr'>soluendisc</span> <span class='ocrx_word' id='word_1_327' title='bbox 448 4137 481 4192; x_wconf 85' lang='lat'>23</span> <span class='ocrx_word' id='word_1_328' title='bbox 499 4123 648 4178; x_wconf 56' lang='lat' dir='ltr'>estona</span> <span class='ocrx_word' id='word_1_329' title='bbox 748 4135 783 4189; x_wconf 83' lang='grc'>24</span> <span class='ocrx_word' id='word_1_330' title='bbox 801 4121 939 4178; x_wconf 88' lang='lat' dir='ltr'>iudicetur</span> <span class='ocrx_word' id='word_1_331' title='bbox 950 4122 1094 4195; x_wconf 71' lang='lat' dir='ltr'>suscipit*</span> <span class='ocrx_word' id='word_1_332' title='bbox 1185 4137 1218 4196; x_wconf 80' lang='grc'>25</span> <span class='ocrx_word' id='word_1_333' title='bbox 1238 4141 1286 4182; x_wconf 85' lang='lat' dir='ltr'>ex·</span> 
     </span>
    </p>
   </div>
   <div class='ocr_carea' id='block_1_5' title="bbox 186 4191 1292 4335">
    <p class='ocr_par' dir='ltr' id='par_1_6' title="bbox 186 4191 1292 4335">
     <span class='ocr_line' id='line_1_39' title="bbox 186 4191 1292 4266; baseline 0.004 -18"><span class='ocrx_word' id='word_1_334' title='bbox 186 4194 327 4264; x_wconf 74' lang='lat' dir='ltr'>purgate</span> <span class='ocrx_word' id='word_1_335' title='bbox 394 4193 429 4249; x_wconf 88' lang='grc'>26</span> <span class='ocrx_word' id='word_1_336' title='bbox 446 4191 640 4250; x_wconf 87' lang='lat' dir='ltr'>corundamR</span> <span class='ocrx_word' id='word_1_337' title='bbox 712 4206 748 4264; x_wconf 77' lang='lat'>³⁰</span> <span class='ocrx_word' id='word_1_338' title='bbox 764 4193 949 4266; x_wconf 80' lang='lat' dir='ltr'>prouideatR</span> <span class='ocrx_word' id='word_1_339' title='bbox 1017 4209 1050 4266; x_wconf 81' lang='lat'>3¹</span> <span class='ocrx_word' id='word_1_340' title='bbox 1064 4197 1292 4256; x_wconf 83' lang='lat' dir='ltr'>communemN</span> 
     </span>
     <span class='ocr_line' id='line_1_40' title="bbox 188 4264 1217 4335; baseline 0.005 -16"><span class='ocrx_word' id='word_1_341' title='bbox 188 4279 223 4334; x_wconf 81' lang='lat'>33</span> <span class='ocrx_word' id='word_1_342' title='bbox 242 4264 572 4335; x_wconf 79' lang='lat' dir='ltr'>set...egeantom.N</span> <span class='ocrx_word' id='word_1_343' title='bbox 1214 4301 1217 4308; x_wconf 91' lang='lat'>·</span> 
     </span>
    </p>
   </div>
   <div class='ocr_carea' id='block_1_6' title="bbox 239 4367 743 4420">
    <p class='ocr_par' dir='ltr' id='par_1_7' title="bbox 239 4367 743 4420">
     <span class='ocr_line' id='line_1_41' title="bbox 239 4367 743 4420; baseline 0.004 -2"><span class='ocrx_word' id='word_1_344' title='bbox 239 4387 354 4418; x_wconf 68' lang='lat' dir='ltr'>uermes.</span> <span class='ocrx_word' id='word_1_345' title='bbox 718 4367 743 4420; x_wconf 83' lang='lat' dir='ltr'>U</span> 
     </span>
    </p>
   </div>
   <div class='ocr_carea' id='block_1_7' title="bbox 0 0 1628 4868">
    <p class='ocr_par' dir='ltr' id='par_1_8' title="bbox 0 0 1628 4868">
     <span class='ocr_line' id='line_1_42' title="bbox 0 0 1628 4868; baseline 0 0"><span class='ocrx_word' id='word_1_346' title='bbox 0 0 1628 4868; x_wconf 95' lang='lat' dir='ltr'> </span> 
     </span>
    </p>
   </div>
  </div>
 </body>
</html>
