3228 4868
200 303 230 356 11
247 287 285 354 ix
300 282 339 376 Β]
568 283 636 350 DE
659 281 934 352 SCACCARIO
1235 300 1295 370 131

200 459 244 524 ad
270 453 960 539 aliamsummonitionempromerebitur.
1005 453 1185 538 Oporteret
1209 453 1298 519 enim

201 563 299 630 scribi
315 563 348 628 in
365 560 474 628 rotulo
487 559 539 626 ‘in
554 558 710 646 perdonis
724 577 785 642 per
799 558 901 624 breue
914 557 1002 642 regis
1016 558 1062 624 illi
1077 560 1121 624 N.
1138 581 1165 626 c.
1181 555 1298 638 libras,‘

200 676 251 733 set
265 667 344 752 quia
365 685 432 732 non
447 664 577 730 videtur
591 663 726 730 omnino
740 663 913 729 dimissum
928 664 1020 746 quod
1035 662 1183 728 nondum
1195 670 1246 728 est
1264 661 1299 725 in

199 770 294 837 breui
308 786 511 854 expressum,
526 777 664 851 cogetur
681 767 709 832 is
727 765 833 831 multo
851 765 964 832 labore
981 785 1117 850 querere
1133 785 1193 850 per
1207 765 1300 849 quod

200 884 366 940 mereatur
380 869 519 938 absolui.
566 871 658 954 Ergo
673 870 707 936 iu
721 869 784 936 hiis
798 869 884 935 ‘non
902 890 1063 954 expressa
1075 867 1233 953 fatigant?
1312 899 1326 950 5

242 953 441 1061 Duepulus}
488 974 591 1042 Salua
611 975 653 1040 sit
675 974 859 1041 reuerentia
880 975 1077 1060 presidentis
1098 982 1132 1040 et
1152 974 1300 1040 assiden-

181 1081 295 1162 tium,
310 1081 362 1146 hic
380 1101 449 1148 non
463 1080 595 1147 videtur
609 1100 668 1166 per
682 1080 795 1146 omnia
809 1079 897 1163 regis
913 1079 1071 1144 mandato
1086 1077 1298 1144 satisfactum.

199 1187 274 1252 Nec
289 1187 377 1252 enim
391 1185 523 1270 quietus
543 1192 594 1250 est
608 1205 708 1269 quem
728 1184 877 1268 quietum
892 1205 964 1250 esse
981 1181 1160 1261 mandauit,
1174 1181 1299 1248 addens

200 1291 304 1357 etiam
319 1310 453 1358 causam
468 1309 529 1375 pro
542 1309 610 1374 qua
624 1289 688 1354 sibi
703 1290 887 1355 tenebatur.
1195 1295 1198 1304 '

243 1395 419 1478 Magum.
465 1394 575 1460 Immo
595 1393 689 1458 salua
703 1394 748 1460 sit
765 1394 798 1458 in
818 1393 881 1458 hiis
901 1389 1091 1476 scrupulose
1107 1391 1227 1457 mentis
1242 1399 1300 1458 tue
1314 1417 1345 1454 ιο

200 1500 385 1566 subtilitas:
400 1517 497 1564 nosse
508 1497 643 1581 quidem
652 1497 815 1563 debueras
826 1497 917 1581 quod
928 1497 959 1562 ei
968 1495 1025 1580 qui
1037 1495 1110 1581 lege
1120 1495 1299 1581 plurimum

200 1604 327 1688 indiget
353 1602 424 1668 eius
449 1600 637 1686 ignorantia
666 1619 733 1664 non
761 1599 926 1666 subuenit.
972 1601 1006 1666 Is
1034 1619 1114 1683 ergo
1143 1599 1199 1684 qui
1229 1599 1300 1684 regi

200 1716 331 1774 tenetur
356 1704 500 1790 qualiter
520 1705 565 1770 ab
591 1703 655 1768 hoc
681 1703 810 1770 absolui
833 1705 929 1788 plene
953 1704 1068 1790 possit,
1090 1703 1154 1768 hoc
1176 1713 1228 1770 est
1248 1723 1299 1770 se·

200 1812 347 1876 cundum
380 1808 490 1893 legem
520 1808 563 1875 de
591 1807 656 1874 hiis
690 1809 914 1887 constitutam,
943 1807 1116 1893 diligenter
1145 1806 1300 1891 inquirat.

200 1913 303 1999 Quod
318 1913 346 1976 si
365 1933 432 1978 nou
450 1911 572 1993 lecerit,
590 1931 657 1978 non
677 1911 857 1996 presidenti
875 1919 927 1976 set
946 1911 1009 1976 sibi
1030 1911 1181 1996 imputet.
1225 1909 1343 1993 Nec15

200 2018 288 2084 enim
315 2017 392 2084 licet
420 2015 601 2100 presidenti
626 2015 672 2082 ab
701 2035 753 2096 eo,
778 2016 869 2099 quod
897 2015 1017 2081 detulit
1046 2014 1080 2080 in
1103 2014 1206 2095 breui,
1229 2014 1334 2080 iotau

202 2131 339 2188 mutare.
385 2119 472 2186 Cum
488 2138 569 2204 ergo
588 2139 647 2203 per
663 2119 729 2185 hoc
748 2119 879 2204 quietus
899 2138 967 2185 nou
984 2117 1037 2195 sit,
1053 2116 1188 2184 festinet
1207 2119 1299 2203 quod

201 2225 340 2310 expedit
355 2225 543 2308 impetrare.

242 2327 441 2412 Datames.
487 2325 596 2393 Cerno
617 2325 707 2412 quod
733 2325 795 2392 hec
822 2325 969 2390 maxime
994 2331 1131 2409 propter
1150 2323 1215 2391 hoc
1238 2324 1299 2392 ob·

199 2440 375 2498 seruantur
398 2438 436 2496 vt
461 2429 623 2515 scripture
649 2429 748 2497 rotuli
776 2447 844 2494 non
869 2426 1101 2512 obloquantur.
1146 2428 1208 2496 Set
1230 2429 1298 2496 iam
1314 2459 1345 2495 πο

202 2555 289 2602 nuuc
304 2553 503 2619 prosequere
517 2533 561 2598 de
575 2533 702 2601 ceteris.

244 2637 421 2722 Magister.
466 2635 552 2706 Cum
576 2637 676 2721 igitur
703 2635 816 2703 omnia
836 2633 958 2702 suerint
978 2642 1139 2702 annotata
1158 2653 1224 2722 que
1244 2635 1299 2702 vel

199 2743 380 2810 constituta
394 2749 481 2818 sunt,
495 2738 549 2806 vel
563 2759 624 2824 per
641 2739 755 2806 breuia
772 2739 859 2824 regis
878 2739 930 2804 vel
946 2759 1006 2824 per
1025 2739 1299 2806 consuetudinem

200 2846 352 2913 scaccarii
363 2844 600 2930 computanda,
610 2842 657 2909 sic
668 2851 844 2928 compotus
854 2843 946 2908 velut
957 2842 1096 2910 inlectus
1106 2843 1299 2927 relinquitur

172 2977 178 2988 ·
200 2959 235 3017 et
249 2952 293 3016 ad
307 2949 374 3016 alia
388 2957 631 3016 conuertuntur.
685 2947 756 3014 Nec
772 2947 861 3012 enim
879 2953 935 3012 ‘et
949 2946 1079 3031 quietus
1095 2945 1163 3013 est'
1178 2945 1231 3012 vel
1246 2951 1298 3013 ‘et
1313 2974 1342 3023 25

200 3049 321 3120 debet’
342 3053 375 3117 in
394 3052 507 3118 annali
526 3052 695 3130 scribetur,
709 3069 770 3136 per
791 3071 858 3134 que
879 3051 1003 3116 scilicet
1022 3059 1199 3134 compotus
1219 3069 1298 3115 con-

198 3165 385 3223 summatus
400 3157 530 3238 dicitur,
544 3157 652 3223 donec
667 3155 711 3220 de
730 3155 885 3221 omnibus
907 3174 972 3238 que
987 3155 1021 3218 in
1040 3155 1298 3220 summonitione

200 3261 409 3326 continentur
437 3259 640 3326 satisfecerit
699 3257 801 3326 Cuius
824 3257 871 3324 rei
893 3277 994 3324 causa
1015 3257 1096 3323 satis
1115 3277 1160 3322 ex
1180 3277 1297 3324 conse·

198 3364 379 3449 quentibus
407 3363 532 3449 liquere
561 3363 694 3447 poterit.
752 3363 834 3428 Post
862 3370 1056 3448 compotum
1084 3362 1129 3428 de
1160 3381 1298 3447 corpore

199 3467 387 3544 comitatus,
401 3466 466 3532 hoc
481 3477 533 3533 est
553 3467 597 3532 de
616 3463 790 3550 principali
810 3465 914 3544 firma,
929 3465 987 3550 qui
1006 3465 1090 3532 sicut
1110 3467 1297 3551 predictum
1311 3479 1343 3530 30

199 3579 370 3656 estusque
385 3571 419 3636 in
435 3569 535 3636 tinem
550 3569 692 3638 iniectus
705 3569 906 3654 relinquitur,
921 3577 999 3654 post
1014 3570 1183 3636 modicum
1198 3569 1299 3634 inter·

198 3674 328 3741 stitium
349 3675 485 3758 ponitur
506 3683 683 3760 compotus
705 3675 750 3741 de
771 3673 874 3738 veteri
895 3671 991 3738 firma
1012 3673 1212 3740 comitatus:
1233 3671 1298 3737 hoc

199 3787 250 3844 est
265 3797 332 3862 que
345 3797 425 3844 casu
440 3777 554 3862 aliquo
569 3780 612 3845 de
626 3797 714 3844 anno
730 3777 888 3862 preterito
899 3784 1112 3855 remanserat,
1124 3776 1171 3841 ita
1185 3785 1298 3841 tamen

197 3882 227 3948 si
242 3883 427 3948 vicecomes
446 3883 503 3967 qui
521 3891 601 3948 tunc
619 3881 818 3948 ministrauit
836 3889 982 3946 mutatus
1002 3879 1108 3946 luerit.
1154 3878 1298 3964 Quodsi

198 3985 288 4052 idern
319 3995 509 4071 perseuerat
538 3987 640 4051 etiam
669 3985 735 4051 hoc
764 4004 864 4063 anno,
892 3985 937 4050 de
965 3983 1070 4050 veteri
1095 3981 1191 4050 firma
1219 3993 1298 4051 ante
1312 3999 1342 4050 ss

198 4089 393 4156 inchoatum
423 4099 618 4175 compotum
644 4089 689 4156 de
714 4109 804 4155 noua
831 4087 1031 4166 satisfaciet3
1064 4095 1099 4155 et
1124 4087 1298 4175 diligenter

198 4242 445 4384 serlilieptitiletscfibi
460 4239 596 4384 duona}
606 4241 733 4385 iiidie
757 4255 791 4313 ¹9
800 4241 982 4386 goecrstiiJune
993 4241 1029 4368 l?
1039 4237 1135 4313 debet]
1148 4240 1301 4334 ἁψὶς
