3228 4868
188 297 218 349 11
232 281 287 348 viii
302 277 343 370 a]
559 281 626 346 DE
649 277 919 348 SCACCARIO
1224 296 1286 364 129

189 454 236 520 sic
268 452 537 536 condempnandi
566 471 632 518 non
664 451 727 515 nisi
759 457 930 516 numerata
960 449 1004 515 de
1038 449 1117 515 fisco
1147 451 1288 534 pecunia

189 557 379 641 puniuntur.
423 555 593 640 Quicquid
622 557 722 640 igitur
750 555 794 620 ad
824 553 886 621 hec
916 555 1039 620 iudicia
1066 555 1121 620 vel
1150 555 1289 621 iustitias

190 661 323 728 effectui
352 661 590 744 mancipandas
619 659 823 726 detestabilis
846 658 985 725 avaritie
1010 658 1209 739 hominibus,
1231 661 1289 744 qui

189 763 252 830 hec
267 785 329 848 pro
347 764 516 848 sanguinis
534 763 692 830 effusione
711 763 902 848 suscipiunt,
918 785 939 829 a
958 763 1153 829 vicecomite
1174 785 1289 829 nume·

190 879 290 948 ratur,
307 889 366 952 per
381 867 654 934 consuetudinem
669 867 823 933 scaccarii
838 867 901 934 sibi
919 876 1140 952 computatur,
1157 867 1221 934 hoc
1239 875 1317 932 este

191 992 259 1036 non
273 993 333 1056 per
347 974 449 1038 breue
465 971 559 1056 regis.
606 973 669 1038 Est
683 981 718 1036 et
733 971 824 1038 aliud
835 972 927 1057 quod
942 991 1001 1054 per
1016 971 1326 1038 consuetudinemc

192 1075 300 1141 solam
319 1075 506 1142 vicecomiti
526 1076 646 1142 debeat
664 1077 861 1160 computari.
908 1073 994 1139 Cum
1015 1076 1101 1161 regis
1121 1075 1292 1142 thesaurus

192 1180 237 1244 de
256 1179 331 1245 loco
349 1179 508 1246 inlocum
529 1181 690 1245 maiorum
708 1180 972 1246 consideratione
988 1180 1182 1246 deferendus
1200 1179 1291 1246 vehi·

193 1283 275 1348 culis
301 1291 335 1348 et
356 1284 544 1350 huiusmodi
574 1285 757 1352 minoribus
781 1285 969 1367 indiguerit,
992 1284 1192 1367 precipiente
1219 1283 1291 1349 the·

192 1387 339 1453 saurario
352 1387 405 1452 vel
419 1388 607 1456 camerariis
619 1387 673 1454 vel
684 1388 899 1454 seruientibus
914 1407 1028 1452 eorum
1040 1387 1082 1454 ad
1098 1386 1160 1455 hec
1178 1387 1294 1466 missis,
1308 1405 1339 1441 10

194 1491 377 1558 vicecomes
401 1492 445 1558 de
473 1490 570 1558 firma
598 1513 659 1557 sua
688 1493 780 1576 quod
805 1491 988 1574 oportuerit
1014 1490 1141 1555 inuenit
1169 1501 1203 1558 et
1228 1491 1292 1557 hoc

193 1593 305 1678 ipsum
319 1595 510 1661 vicecomiti
529 1597 600 1662 sine
617 1595 710 1662 breui
731 1603 953 1680 computatur,
968 1593 1164 1679 perhibente
1180 1605 1293 1662 tamen

194 1719 293 1783 super
315 1698 379 1765 hoc
400 1699 628 1766 testimonium
654 1721 765 1765 coram
792 1699 972 1765 maioribus
998 1700 1071 1783 ipso
1092 1699 1295 1768 thesaurario

194 1804 247 1869 vel
262 1803 411 1886 quolibet
430 1804 655 1890 predictorum
675 1805 732 1888 qui
749 1802 811 1868 hec
829 1803 900 1869 fieri
918 1803 1146 1884 mandauerit;
1168 1813 1202 1872 et
1217 1813 1296 1870 tunc

197 1909 325 1974 dicetur
338 1907 373 1972 in
387 1907 498 1974 rotulo
512 1909 565 1973 ‘in
579 1907 643 1974 hiis
658 1907 712 1974 vel
726 1907 789 1974 illis
804 1908 994 1974 necessariis
1005 1906 1150 1974 thesauri
1164 1907 1229 1975 hoc
1243 1907 1297 1973 vel
1311 1929 1341 1979 15

197 2011 280 2078 illud
300 2033 361 2097 per
382 2011 470 2078 hunc
491 2011 544 2078 vel
571 2009 683 2078 illum?
729 2013 815 2081 Item
841 2013 868 2078 si
892 2012 989 2096 piscis
1018 2013 1135 2098 regius,
1162 2011 1296 2078 rumbus

197 2115 250 2182 vel
266 2125 359 2181 cetus
373 2115 427 2181 vel
444 2116 529 2182 alius
547 2115 736 2182 huiusmodi
756 2115 1054 2200 comprehenditur,
1069 2116 1159 2200 quod
1180 2116 1214 2180 in
1233 2115 1297 2180 hiis

198 2219 355 2284 saliendis
392 2229 426 2285 et
454 2219 528 2286 aliis
560 2221 750 2288 necessariis
788 2221 1010 2286 ministrandis
1046 2241 1067 2284 a
1102 2220 1296 2288 vicecomite

198 2325 347 2404 mittitur,
363 2324 433 2388 sine
452 2323 545 2390 breui
564 2333 786 2410 computatur.
832 2325 919 2390 Item
939 2324 1029 2408 quod
1051 2323 1084 2387 in
1104 2322 1297 2390 excolendis

111 2479 116 2486 .
197 2429 373 2494 dominicis
388 2429 490 2494 vineis
511 2429 597 2513 regis
612 2437 647 2496 et
660 2428 723 2494 hiis
743 2429 987 2494 vindemiandis
1001 2429 1054 2494 vel
1071 2430 1158 2494 vasis
1173 2438 1208 2496 et
1225 2429 1298 2495 aliis
1312 2447 1344 2484 το

198 2533 388 2599 necessariis
414 2533 640 2598 ministrandis
665 2534 873 2618 expenditur,
896 2532 966 2598 sine
990 2533 1083 2598 breui
1109 2553 1168 2618 per
1196 2533 1298 2598 iidem

199 2637 402 2703 vicecomitis
417 2647 636 2722 computatur.
682 2637 736 2702 De
755 2658 822 2720 qua
842 2636 919 2717 fide,
940 2639 967 2702 si
988 2636 1090 2703 semel
1112 2647 1172 2704 aut
1189 2639 1299 2722 sepius

199 2751 234 2808 et
263 2741 404 2826 qualiter
432 2739 501 2818 frat,
532 2742 616 2808 inira
644 2741 781 2808 dicetur.
827 2742 900 2807 Hec
930 2751 1007 2807 sunt
1035 2743 1134 2826 igitur
1163 2763 1228 2826 que
1254 2743 1299 2807 ad

79 2857 87 2872 ·
200 2865 337 2930 presens
366 2845 461 2910 nobis
488 2855 664 2912 occurrunt
688 2846 875 2911 vicecomiti
904 2867 964 2931 per
993 2846 1098 2912 solam
1124 2853 1298 2911 consuetu·

199 2951 309 3015 dinem
333 2950 580 3033 computanda:
612 2971 699 3016 nunc
725 2951 768 3016 de
796 2953 1005 3035 ceterisque
1033 2951 1076 3016 ad
1106 2961 1298 3036 compotum
1313 2965 1343 3016 ²5

200 3054 244 3120 de
258 3074 396 3138 corpore
411 3054 590 3120 comitatus
608 3054 775 3138 pertinent
790 3074 1038 3138 prosequamur.

242 3159 300 3223 Fit
314 3159 481 3224 interdum
496 3167 532 3222 vt
547 3157 710 3242 precipiat
730 3179 790 3224 rex
805 3157 992 3224 vicecomiti
1010 3178 1070 3243 per
1083 3157 1186 3223 breue
1200 3177 1296 3222 suum
1310 3201 1336 3247 Α

199 3263 291 3346 quod
321 3262 494 3326 incastris
524 3259 703 3343 firmandis,
732 3261 785 3327 vel
814 3262 849 3327 in
878 3262 1014 3327 edificiis
1043 3273 1077 3328 et
1109 3262 1299 3328 huiusmodi

199 3365 411 3442 instruendis,
438 3364 481 3430 de
504 3363 600 3430 firma
621 3385 682 3430 sua
703 3366 886 3431 necessaria
917 3367 1089 3445 ministret,
1110 3367 1298 3450 pervisum

200 3469 343 3535 duorum
365 3467 417 3534 vel
440 3470 540 3534 trium
561 3470 717 3549 virorum,
731 3489 873 3553 quorum
895 3471 1031 3535 nomina
1053 3470 1087 3534 in
1110 3470 1183 3554 ipso
1205 3471 1298 3535 breui
1312 3487 1344 3536 30

199 3574 440 3658 exprimuntur,
466 3582 500 3638 et
523 3574 626 3639 addat
653 3573 686 3637 in
712 3573 777 3638 fine
804 3573 941 3639 verbum
967 3574 1068 3638 breue
1091 3583 1141 3638 set
1163 3594 1299 3658 compu-

200 3678 350 3744 tantibus
365 3677 596 3756 necessarium,
610 3681 665 3742 ‘et
680 3678 928 3762 computabitur
943 3676 1004 3742 tibi
1020 3678 1064 3742 ad
1079 3678 1299 3743 scaccarium!

106 3799 111 3810 '
202 3781 290 3848 Cum
305 3781 406 3864 igitur
415 3790 552 3845 ventum
568 3781 665 3847 luerit
676 3782 720 3846 ad
736 3791 929 3865 compotum
941 3781 1155 3859 vicecomitis,
1166 3781 1300 3847 veniant

201 3884 300 3952 simul
315 3885 372 3968 qui
388 3885 483 3950 electi
501 3895 579 3951 sunt
595 3886 747 3951 custodes
763 3906 900 3969 operum
919 3893 962 3962 et,
977 3883 1043 3950 fide
1059 3885 1092 3949 in
1108 3885 1241 3970 publica
1256 3887 1299 3951 ab

200 3989 281 4074 ipsis
301 3991 441 4073 prestita
462 3990 551 4074 quod
573 3992 755 4056 secundum
778 3989 1013 4055 conscientiam
1030 4007 1125 4054 suam
1147 3989 1190 4053 ad
1213 3989 1299 4072 regis
1313 4003 1344 4055 35

200 4095 379 4159 vtilitatem
402 4093 437 4159 in
462 4095 535 4180 ipso
556 4113 657 4179 opere
679 4093 850 4159 nominata
872 4113 1002 4158 summa
1023 4093 1220 4178 prouenerit,
1240 4092 1300 4160 fiat

237 4259 254 4316 9
266 4249 334 4317 post
345 4245 516 4329 precipiente
528 4247 593 4304 add.
605 4257 633 4304 et
644 4248 673 4302 R
764 4261 797 4316 23
815 4245 899 4316 igitur
910 4255 975 4303 sunt
990 4247 1014 4302 C
1098 4257 1131 4314 27
1151 4245 1209 4318 Fit]
1223 4245 1304 4302 sitc

202 4319 236 4374 28
249 4319 481 4387 pn'usmomu
866 4359 870 4368 ι

247 4439 355 4471 uesmoc.
763 4419 781 4472 S
