3228 4868
348 279 389 366 78
714 277 782 370 us
805 277 1079 349 scnccnruo
1340 275 1373 374 [1
1386 293 1446 350 vr

347 452 388 518 In
413 453 558 519 secunda
582 472 661 519 vero
686 453 730 518 de
756 451 939 537 insignibus
963 451 1104 537 predicti
1132 451 1219 537 regis
1247 452 1350 539 gestis
1380 475 1448 540 que

346 557 448 624 tidem
478 557 660 622 humanam
690 558 868 623 excedunt
918 557 960 622 In
987 557 1087 621 tertia
1100 609 1102 618 ,
1115 577 1194 622 vero
1223 557 1267 622 de
1296 556 1447 641 pluribus

346 661 492 745 negociis
517 669 587 726 tam
615 659 758 744 publicis
780 680 882 745 quam
904 659 1128 736 familiaribus,
1151 680 1278 726 necnon
1301 672 1335 726 et
1356 663 1448 728 curie

345 765 471 830 iudiciis
492 765 610 848 agitur.
656 765 725 830 Hic
743 765 772 831 si
791 763 930 830 lortein
951 783 1068 829 manus
1088 773 1164 830 tuas
1185 763 1344 842 inciderit,
1365 785 1447 831 caue

317 888 389 949 5ne
406 877 442 934 te
461 867 609 952 effugiat.
652 868 753 934 Vtilis
773 869 862 933 enim
882 887 955 934 esse
974 868 1098 951 poterit
1116 868 1234 934 futuris
1254 867 1340 934 lorte
1358 879 1446 934 tem-

345 971 489 1056 poribus,
510 980 544 1038 et
566 972 727 1039 iocundus
749 971 822 1052 hiis,
840 971 897 1056 qui
919 972 961 1036 de
982 971 1074 1055 regni
1096 979 1187 1037 statu
1209 973 1272 1038 sub
1294 973 1446 1058 predicto

345 1075 494 1159 principe
530 1075 661 1142 solliciti
697 1073 828 1142 luerint
889 1075 957 1141 Hic
984 1077 1075 1142 enim
1107 1096 1168 1142 rex
1196 1074 1274 1141 licet
1304 1076 1447 1142 ‘attauis

346 1179 479 1262 regibus
500 1175 627 1243 editus’
648 1178 745 1245 suerit
766 1188 802 1245 et
822 1198 881 1262 per
902 1179 1002 1262 longa
1014 1189 1185 1245 terrarum
1202 1181 1312 1264 spatia
1329 1180 1446 1245 trium·

308 1281 437 1370 qphali
466 1281 603 1346 victoria
634 1302 747 1347 suum.
764 1282 951 1348 dilatauerit
983 1283 1167 1367 imperium,
1197 1285 1302 1348 maius
1331 1295 1448 1350 tamen

300 1413 334 1455 ro
346 1395 397 1452 est
422 1386 513 1470 quod
542 1385 720 1471 prodigum
746 1386 780 1450 in
805 1407 842 1451 se
866 1385 956 1451 fame
981 1385 1116 1452 titulum
1146 1387 1289 1452 strenuis
1316 1387 1447 1453 actibus

344 1488 526 1573 superauit.
571 1487 632 1554 Set
652 1490 695 1554 de
715 1488 779 1554 hiis
801 1489 959 1555 hactenus
981 1508 1067 1555 nunc
1089 1499 1189 1574 cepta
1209 1490 1345 1574 negotia
1366 1511 1445 1574 pro-

345 1611 532 1676 sequamur.

388 1695 584 1778 Dzscipulus.
631 1695 726 1777 Esto,
740 1696 819 1779 quia
834 1695 880 1761 sic
896 1696 1014 1780 placet
1062 1695 1163 1763 Salua
1180 1696 1225 1762 sit
1240 1697 1338 1782 igitur
1352 1717 1447 1763 reue·

346 1801 452 1865 tentia
467 1799 670 1879 thesaurarii,
683 1799 736 1866 hic
750 1801 882 1866 videtur
900 1803 970 1866 eius
985 1801 1136 1884 dignitati
1152 1801 1349 1886 derogatum
1368 1803 1447 1887 quia

301 1937 330 1988 ¹5
346 1925 411 1969 non
426 1913 478 1969 est
491 1903 553 1968 soli
569 1903 646 1969 fidei
661 1904 764 1988 ipsius
779 1925 838 1990 per
851 1905 963 1970 omnia
977 1905 1146 1972 creditum.

387 2007 563 2090 Magister.
606 2006 719 2072 Absit.
766 2008 876 2074 Immo
897 2009 1004 2093 magis
1023 2010 1070 2074 sic
1091 2010 1162 2074 eius
1182 2008 1349 2076 laboribus
1367 2029 1445 2094 par·

343 2111 430 2176 citur
450 2120 485 2176 et
504 2111 737 2196 indempnitati
758 2111 959 2195 prouidetur.
1004 2111 1083 2178 Non
1102 2113 1190 2179 enim
1211 2115 1289 2198 quia
1306 2113 1358 2178 vel
1380 2113 1445 2197 ipsi

344 2215 397 2280 vel
412 2213 468 2280 alii
489 2235 557 2279 non
577 2215 722 2279 creditur
741 2224 792 2280 tot
807 2217 939 2281 erranti
955 2217 1099 2283 resident
1113 2219 1156 2282 ad
1172 2219 1377 2292 scaccarium,
1393 2227 1445 2284 set

344 2319 423 2402 quia
452 2319 550 2384 rebus
580 2319 710 2403 magnis
738 2327 773 2384 et
801 2319 892 2403 regni
922 2321 1064 2404 negotiis
1087 2321 1149 2386 sub
1174 2329 1270 2386 tanto
1296 2322 1445 2404 principe

300 2451 331 2490 ιο
345 2422 441 2487 decet
464 2441 602 2505 magnos
623 2421 807 2488 ac'multos
829 2425 991 2506 deputari,
1014 2443 1080 2490 non
1100 2433 1231 2490 tantum
1252 2435 1289 2490 vt
1307 2425 1444 2491 vtilitati

343 2525 546 2612 prospiciant
561 2535 612 2591 set
628 2523 825 2591 excellentie
839 2537 872 2593 et
887 2527 1006 2593 honori
1022 2530 1113 2613 regio
1128 2529 1326 2596 dcseruiant

385 2627 584 2712 Discrjtulus.
629 2629 830 2714 Prosequere
844 2631 872 2696 si
887 2631 996 2714 placet
1011 2634 1054 2697 de
1068 2633 1192 2699 officiis.

386 2733 564 2816 Magister.
608 2732 765 2799 Officium
787 2735 980 2800 thesaurarii
1004 2736 1056 2800 vel
1079 2756 1158 2802 cura
1179 2735 1232 2802 vel
1254 2735 1444 2803 sollicitudo

344 2835 446 2921 ipsius
475 2839 533 2902 vix
563 2837 722 2921 explicari
754 2849 866 2921 posset
895 2838 1013 2916 verbis,
1043 2840 1144 2905 etiam
1177 2841 1206 2904 si
1238 2849 1326 2906 esset
1361 2841 1444 2906 mihi

299 2968 330 3018 25
343 2941 509 3008 ‘calamus
531 2941 635 3008 scribe
656 2942 813 3009 velociter
832 2943 1020 3010 scribentis.¹
1065 2942 1105 3010 In
1125 2945 1279 3010 omnibus
1299 2944 1388 3010 enim
1408 2954 1444 3012 et

343 3065 403 3130 per
428 3045 540 3111 omnia
565 3066 631 3130 que
652 3045 704 3111 vel
727 3045 761 3110 in
783 3045 937 3114 inferiore
959 3049 1124 3113 scaccario
1145 3046 1198 3114 vel
1220 3049 1254 3113 in
1276 3049 1444 3134 superiore

343 3161 502 3232 geruntur
521 3149 624 3234 ipsius
644 3149 784 3216 sollicita
803 3151 973 3236 diligentia
988 3151 1170 3217 necessaria
1187 3161 1248 3218 est.
1294 3153 1352 3217 Ex
1367 3173 1443 3237 pre-

343 3252 441 3318 dictis
467 3263 581 3318 tamen
603 3273 726 3338 magna
748 3274 809 3339 pro
831 3261 927 3339 parte
948 3264 1101 3320 constare
1123 3257 1246 3340 poterit
1267 3256 1300 3320 in
1323 3257 1444 3340 quibus

306 3355 485 3438 Ramplior
513 3357 558 3422 sit
580 3357 651 3422 eius
678 3377 764 3438 cura,
787 3358 873 3424 adeo
894 3365 931 3423 vt
956 3359 1000 3424 ab
1024 3357 1088 3424 hiis
1113 3357 1211 3424 auelli
1241 3379 1307 3424 non
1337 3360 1444 3444 possit

298 3488 330 3539 30
343 3469 499 3526 manente
527 3461 700 3537 scaccario,
725 3461 759 3526 in
787 3461 983 3545 recipiendis
1013 3462 1137 3530 scilicet
1165 3465 1328 3549 compotis
1357 3466 1444 3530 vice·

342 3565 513 3639 comitum,
536 3573 571 3630 et
595 3565 630 3628 in
656 3564 816 3649 scriptura
844 3565 955 3632 rotuli.
1000 3566 1078 3651 Ipse
1106 3587 1251 3652 namque
1281 3568 1446 3636 ministrat

342 3666 444 3732 verba
454 3667 637 3732 secundum
647 3667 842 3751 qualitatem
858 3669 1067 3752 negotiorum
1083 3671 1117 3735 in
1132 3671 1328 3756 scripturam
1341 3672 1443 3737 rotuli

343 3771 439 3847 suia
458 3791 527 3854 quo
546 3773 762 3855 postmodum
782 3770 865 3836 illud
884 3773 972 3838 idem
992 3774 1157 3859 excipitur
1175 3777 1219 3841 ab
1237 3774 1310 3840 aliis
1325 3775 1443 3842 rotulis

380 4026 549 4106 sposttam
562 4025 707 4083 addinR
804 4024 846 4098 et]
859 4028 928 4084 inR
1035 4027 1315 4096 4iudiciisMadox:
1341 4030 1442 4088 iudicis

342 4094 391 4149 N:
423 4095 541 4153 induciis
564 4099 609 4154 R:
641 4097 818 4174 iudicibusp
912 4112 926 4170 5
946 4109 1038 4171 potest
1061 4101 1090 4156 R
1193 4101 1277 4173 forne]
1302 4121 1369 4158 vero
1393 4103 1429 4159 N
1433 4119 1442 4158 τ

343 4181 406 4221 esse
423 4165 451 4220 R
574 4179 591 4238 7
609 4169 698 4225 sollici
717 4169 743 4226 C
839 4167 856 4221 8
874 4180 903 4228 et
920 4189 973 4226 om.
991 4173 1020 4226 R
1144 4186 1175 4228 11
1195 4189 1398 4244 prosequamus
1415 4175 1444 4230 R

346 4249 378 4304 13
394 4235 445 4306 sic]
459 4235 531 4293 slN
603 4253 639 4294 ao
656 4239 874 4296 ac...vtilitati
887 4259 940 4297 orn.
951 4243 988 4297 N
989 4242 1189 4313 perlacunam
1273 4258 1304 4300 21
1325 4244 1447 4316 regisN

343 4320 376 4379 25
396 4305 634 4380 scribercribere
649 4311 686 4367 C:
705 4312 807 4368 omn
874 4313 909 4368 26
920 4315 1009 4384 pn'us
1020 4313 1049 4370 in
1061 4329 1113 4370 om.
1126 4314 1187 4368 NR
1445 4315 1448 4328 '
