3202 4870
337 289 404 338 nro
500 259 503 264 ’
703 268 770 334 DE
793 265 1069 336 SCACCARIO

336 442 478 522 ‘Regiam
491 451 666 521 potestatem
681 457 742 501 non
756 439 851 502 solum
865 439 955 500 minis
967 447 1071 500 contra
1083 437 1206 500 rebelles
1218 445 1251 500 et
1262 446 1365 516 gentes
1379 438 1438 500 nbi

334 559 484 620 regnoque
505 541 688 618 insurgentes
709 549 825 618 oportet
846 557 911 600 esse
932 537 1109 612 decoratam,
1129 537 1183 598 sed
1203 547 1233 597 et
1253 536 1375 614 legibus,
1396 537 1437 598 ad

334 639 467 700 subditos
492 647 524 700 et
549 637 677 716 populos
704 638 826 716 pacifice
855 637 999 716 tegendos
1023 634 1112 697 dee'et
1136 653 1203 698 esse
1232 647 1377 710 ornatam,
1406 646 1437 695 vt

334 748 455 817 ubsque
475 748 617 817 tempora,
636 739 719 815 pacis
739 747 769 798 et
794 736 871 809 belli,
893 735 1039 814 gloriosus
1059 753 1111 802 rex
1132 745 1232 796 noster
1255 735 1295 794 ita
1315 734 1437 796 feliciter

334 835 736 915 oansigmvtellrenatorum
747 845 777 896 et
785 834 1106 896 indomitorumdextra
1113 832 1287 895 fortitudinis
1298 833 1437 893 elidendo

335 935 502 1014 superbiam
516 945 545 996 et
561 933 715 994 humilium
728 943 758 994 et
772 943 992 994 mansuetorum
1005 933 1140 1012 equiw
1153 933 1234 1010 virga
1251 931 1437 993 moderando

333 1034 482 1107 iustitiam,
502 1043 564 1094 mm
585 1033 616 1092 in
635 1032 768 1093 hostibus
795 1031 976 1094 debellandis
1004 1049 1121 1110 semper
1139 1031 1311 1093 victoriosus
1330 1029 1437 1092 existat

334 1129 1145 1212 quaminsubditistractandlsequalisiugiterappmeat.
1175 1127 1276 1203 Quam
1284 1128 1438 1206 eleganter

334 1239 442 1304 autem,
458 1247 550 1309 quam
568 1239 693 1300 mentre,
705 1247 798 1308 quam
816 1228 919 1290 callide
934 1228 1063 1290 hostium
1078 1227 1229 1290 obuiando
1247 1229 1365 1289 malitiis
1385 1247 1436 1288 ex·

335 1327 556 1392 cellentissimus
583 1345 635 1388 rex
662 1337 761 1388 nomm
788 1325 952 1388 hostilitatis
978 1337 1112 1405 tempore
1135 1336 1278 1388 armatam
1303 1327 1437 1388 exercuit

335 1427 477 1499 militiam,
488 1425 598 1486 nemini
611 1425 690 1485 venit
704 1425 734 1484 in
745 1423 875 1495 dubium,
889 1442 959 1486 cum
971 1425 1031 1485 hm
1044 1425 1076 1485 in
1084 1442 1204 1486 omnem
1214 1435 1320 1486 terram
1334 1426 1436 1486 exierit

336 1525 400 1586 laus
418 1525 481 1584 eius
498 1533 528 1584 et
547 1524 578 1584 in
594 1540 701 1584 omnes
721 1523 795 1584 fines
814 1522 894 1583 orbis
913 1532 990 1584 terre
1007 1523 1157 1604 magnalia
1176 1521 1256 1597 eius,'
1269 1528 1328 1590 &c
1369 1523 1437 1583 The

336 1623 402 1684 date
415 1622 450 1684 ol
460 1621 539 1684 these
553 1621 785 1682 tramsctionsis
805 1625 841 1680 16
856 1619 961 1700 Henry
974 1622 1014 1682 IL

378 1719 410 1780 P.
428 1723 494 1793 11⁷,
510 1720 529 1780 l.
544 1737 592 1798 30.
613 1721 777 1782 dbooloe:
806 1717 845 1780 ci.
862 1737 875 1780 1
893 1718 954 1780 Pet
969 1719 997 1780 it
1014 1723 1050 1782 18
1068 1723 1150 1782 ‘non
1166 1727 1282 1781 tantum
1299 1720 1389 1781 bonis
1407 1731 1438 1780 et

335 1817 484 1892 modestis,
497 1818 550 1879 sed
563 1816 652 1878 etiam
665 1817 810 1896 dysoolis'

378 1916 411 1976 P.
428 1919 497 1990 118,
515 1915 534 1976 l.
552 1935 598 1991 ι4.
619 1920 704 1977 dum
724 1919 862 1990 psi-uult
881 1923 1004 1982 mut.
1047 1913 1161 1998 Henry,
1180 1913 1232 1978 the
1251 1915 1354 1992 eldest,
1373 1935 1437 1979 was.

338 2017 429 2078 about
443 2013 578 2092 eighteen
592 2013 623 2074 in
641 2027 728 2092 1173.

416 2113 548 2174 rationo
573 2115 675 2174 stetis
702 2113 813 2174 nerei:
852 2112 888 2174 cl.
911 2111 985 2174 Hor.
1007 2111 1049 2175 A.
1068 2113 1109 2184 P.
1136 2115 1234 2192 ror-3
1260 2113 1435 2176 ‘Imberbus

336 2207 468 2271 iuuenis'
484 2253 491 2268 .
505 2253 514 2271 .
528 2207 676 2272 .‘Cereus
690 2209 721 2268 ln
733 2209 832 2270 vitium
846 2208 941 2271 flecti!

417 2307 437 2368 l
462 2323 507 2384 ιε.
528 2311 727 2380 ιιιὶροσιιιοε
762 2307 798 2368 cs.
831 2308 917 2370 Cant.
944 2308 973 2368 ii.
1004 2321 1040 2383 15
1067 2307 1194 2387 ‘Capite
1221 2309 1308 2372 nobis
1334 2309 1438 2388 vulpes

336 2405 475 2487 psruulas
488 2424 545 2484 que
558 2405 756 2467 demoliuntur
769 2403 884 2468 viness'
926 2405 993 2468 The
1006 2407 1076 2468 little
1096 2405 1181 2470 iores
1194 2425 1244 2469 are
1257 2407 1307 2468 the
1320 2407 1394 2487 king
1406 2407 1440 2470 ol

337 2505 452 2567 France
466 2503 526 2566 and
540 2503 645 2578 Queen
659 2503 795 2566 Eleanor.

419 2602 440 2668 1.
458 2617 504 2680 ιγ.
523 2621 587 2664 sus
602 2606 751 2666 moena:
783 2601 802 2663 i.
812 2621 839 2664 e.
851 2601 897 2664 his
914 2601 1053 2666 children.
1091 2601 1139 2665 ct.
1156 2602 1243 2680 Ovid,
1257 2603 1306 2665 M.
1324 2604 1363 2665 vi.
1378 2607 1434 2682 651

336 2699 478 2782 (Tereus)
488 2701 594 2781 ‘inque
608 2719 691 2762 suam
705 2719 759 2762 sua
772 2702 883 2764 visoera
896 2703 1027 2780 congerit
1041 2700 1161 2764 aluum'

421 2799 899 2864 t18.intmtot...eim=.ct.
927 2799 1014 2862 Mate
1041 2820 1070 2862 x.
1100 2804 1138 2880 36
1164 2799 1224 2862 and
1248 2799 1389 2863 Mic-vii.
1419 2806 1438 2862 6

340 2897 466 2959 ‘inimici
480 2897 615 2970 hominis,
630 2898 781 2960 domestici
795 2894 874 2958 eius!

420 2999 482 3069 qni
502 2999 748 3059 eustodisbsnt.
789 2993 836 3059 Cl.
848 2995 908 3078 Jer.
922 3015 971 3058 ιι.
988 3015 1026 3058 ιο
1041 2998 1110 3078 ‘qul
1130 3006 1215 3060 erant
1234 2997 1349 3076 paeitici
1368 3000 1435 3071 mei,

339 3105 368 3156 et
382 3093 581 3155 custodientes
595 3093 670 3154 latus
682 3093 801 3154 meum!

421 3191 440 3251 l.
459 3209 504 3268 19·
525 3195 704 3254 eonsilium
730 3195 891 3262 inierunt.
932 3191 979 3254 Cl.
1005 3191 1083 3254 Dan.
1104 3195 1143 3256 xi.
1164 3209 1204 3270 ιε
1227 3195 1359 3255 ‘inibunt
1386 3194 1439 3254 ad-

339 3307 442 3352 uersus
456 3307 524 3350 eum
539 3289 675 3351 consilia!

423 3385 441 3446 1.
457 3403 504 3446 ao.
524 3391 780 3462 persequimini.
832 3389 881 3454 Cl.
908 3388 986 3452 Psal.
1012 3389 1073 3452 Ιιι.
1104 3409 1138 3450 ιι
1169 3389 1327 3464 ‘dicentes
1354 3391 1442 3452 Deus

341 3483 494 3563 dereliquit
514 3503 592 3560 eum,
605 3488 812 3568 persequimini
830 3497 860 3550 et
878 3488 1116 3568 comprehendite
1136 3505 1206 3550 eum
1224 3489 1295 3568 quia
1313 3508 1375 3551 non
1395 3503 1442 3554 est

339 3581 392 3664 qui
405 3583 525 3662 eripiat’
1034 3575 1036 3580 ’

422 3680 506 3742 las,
526 3684 788 3759 fihosennbim,
803 3688 856 3752 tic.
895 3683 1031 3747 isaie.

424 3779 442 3840 l.
459 3782 507 3844 26.
528 3784 666 3843 diuinas
692 3787 811 3855 gratie.
866 3782 1000 3862 Possibly
1026 3784 1084 3846 this
1111 3783 1254 3846 refers-to
1281 3785 1332 3847 the
1359 3787 1440 3848 coin-

340 3878 464 3941 cidence
477 3880 609 3940 between
630 3879 680 3940 the
700 3891 820 3958 capture
840 3880 876 3942 ol
892 3881 942 3944 the
955 3881 1039 3963 King
1052 3883 1086 3945 ol
1105 3883 1244 3946 Seotland
1264 3895 1294 3945 at
1307 3885 1440 3947 Alnwiclr

342 3977 411 4059 July
426 3995 473 4052 ta,
487 3992 574 4056 1174,
584 3979 643 4038 and
651 3978 700 4038 the
714 3979 772 4057 day
784 3998 825 4041 on
839 3981 933 4042 which
948 3980 1055 4061 Henry
1068 3983 1234 4061 completed
1248 3983 1293 4044 his
1307 4001 1440 4062 penanoe

342 4083 372 4135 at
385 4075 434 4136 the
447 4078 531 4136 tomb
540 4076 579 4138 ol
593 4075 711 4138 Bechet
753 4077 785 4138 1t
797 4096 833 4140 so
849 4075 909 4142 this
920 4079 946 4142 is
959 4077 1009 4142 the
1021 4079 1093 4161 only
1105 4081 1229 4144 allusion
1249 4091 1280 4143 to
1299 4081 1348 4142 the
1362 4093 1442 4160 story

342 4172 378 4234 ol
386 4172 497 4234 Bechet
511 4174 542 4234 in
555 4174 604 4235 the
617 4173 770 4255 Dialogus.

422 4271 507 4338 hab.
527 4275 894 4357 opttnult=0onquered
933 4277 979 4340 ct
994 4297 1013 4356 3
1031 4278 1107 4360 Reg.
1128 4297 1179 4342 ιι.
1199 4293 1236 4356 as
1257 4279 1313 4340 ‘Et
1330 4279 1441 4342 videbis
