3228 4868
327 283 391 348 106
694 279 761 346 os
784 277 1058 348 scnccmuo
1329 275 1358 371 [1
1374 277 1423 346 xis

367 453 564 538 Discipulos.
618 452 793 538 Numquid
822 453 857 518 in
889 452 1025 539 singulis
1058 455 1271 522 comitatibus
1299 455 1422 523 foresta

324 561 410 645 regis
432 563 507 624 est?

367 663 544 746 Magister.
590 662 676 743 Nou,
694 671 745 727 set
760 661 792 726 in
807 661 989 726 nemorosis
1004 661 1059 728 vbi
1074 673 1109 728 et
1127 664 1267 730 ferarum
1283 663 1422 731 latibula

322 777 400 832 sunt
420 777 454 832 et
474 767 641 832 uberrima
660 786 792 849 pascua.
836 765 909 831 Nec
928 767 1064 831 interest
1084 768 1174 832 cuius
1194 770 1259 834 sint
1275 789 1421 848 nemora,

294 871 393 947 asiue
422 871 510 935 enim
537 871 624 956 regis
647 871 713 937 sint
739 872 811 936 siue
834 870 927 955 regni
951 889 1134 954 procerum,
1160 871 1282 938 liberos
1308 881 1421 939 tamen

323 983 357 1040 et
371 975 567 1059 indempnes
580 974 706 1039 habent
723 973 790 1039 fere
804 975 1063 1056 circumquaque
1077 975 1250 1040 discursus.

248 1066 309 1126 ¹11¹
366 1076 501 1143 Essarta
511 1097 588 1144 vero
595 1077 696 1162 vulgo
705 1078 861 1143 dicuntur
875 1096 940 1159 que
951 1076 1042 1161 apud
1060 1077 1224 1142 Isidorum
1234 1078 1419 1145 occatioues

321 1182 542 1260 nominantur,
568 1181 704 1264 quando
733 1179 857 1246 seilicet
886 1178 1008 1250 foreste
1037 1198 1173 1246 nemora
1200 1179 1254 1246 vel
1283 1182 1420 1247 dumeta

320 1284 467 1368 quelibet
489 1285 619 1372 pascuis
642 1293 676 1349 et
697 1281 843 1348 latibulis
864 1291 1027 1366 oportuna
1045 1283 1277 1362 succiduntur;
1300 1285 1420 1367 quibus

275 1419 307 1456 10
319 1387 452 1478 succisis
474 1397 508 1452 et
532 1387 686 1452 radicitus
709 1385 832 1451 auulsis
853 1395 941 1450 terra
962 1384 1165 1451 subuertitur
1186 1396 1221 1451 et
1246 1387 1418 1452 excolitur.

319 1487 422 1572 Quod
445 1491 473 1556 si
495 1511 631 1556 nemora
653 1489 700 1554 sic
722 1489 835 1554 excisa
857 1487 923 1552 siut
943 1497 980 1552 vt
1002 1487 1186 1554 subsistens
1208 1490 1282 1573 quis
1303 1489 1337 1554 in
1359 1491 1419 1556 vix

318 1595 448 1659 extanti
467 1595 594 1660 succise
613 1611 752 1677 quercus
772 1592 824 1658 vel
844 1591 980 1658 alterius
1002 1591 1128 1656 arboris
1148 1593 1261 1676 stipite
1278 1593 1418 1658 circum·

230 1681 233 1690 ¹
317 1697 458 1782 spiciens
466 1721 495 1763 vr
506 1697 648 1763 succisas
657 1696 782 1774 viderit,
792 1705 924 1761 vastum
934 1704 1099 1780 reputant,
1108 1695 1171 1761 hoe
1180 1707 1232 1762 est
1241 1706 1418 1776 vastatum,

317 1821 377 1885 per
396 1803 567 1886 sincopam
585 1802 632 1867 sic
652 1801 788 1866 dictum.
835 1800 1005 1865 Excessus
1026 1809 1139 1864 autem
1160 1800 1245 1878 talis,
1261 1801 1361 1866 etiam
1383 1803 1416 1866 in

272 1932 302 1986 ¹5
317 1907 457 1989 propriis
473 1904 647 1970 cuiuslibet
666 1902 857 1969 nemoribus
876 1903 992 1981 lactus,
1006 1903 1092 1968 adeo
1111 1903 1223 1986 grauis
1240 1904 1360 1970 dicitur
1378 1914 1417 1970 vt

316 2028 485 2092 nunquam
509 2009 587 2074 inde
608 2027 668 2093 per
689 2008 869 2073 sessionem
890 2007 1043 2073 scaccarii
1065 2006 1195 2072 liberari
1217 2007 1348 2084 debeat,
1364 2020 1416 2075 set

316 2112 424 2194 magis
452 2113 548 2176 iuxta
570 2111 620 2175 sui
638 2119 745 2177 status
768 2109 1031 2194 possibilitatem,
1053 2109 1275 2194 pecuniariter
1297 2111 1415 2195 puniri.

318 2215 492 2280 Hactenus
507 2215 551 2280 de
571 2215 787 2300 dignitatibus
807 2213 1024 2279 resid'encium
1044 2215 1087 2278 ad
1109 2215 1308 2280 scaccarium
1326 2215 1415 2298 quod

314 2317 461 2402 breuitas
472 2320 639 2384 succincta
653 2319 811 2402 permisit,
821 2327 855 2382 et
871 2317 975 2382 menti
991 2337 1064 2382 mee
1079 2329 1216 2402 repente
1231 2339 1267 2383 se
1279 2319 1414 2397 obtulit,

271 2453 303 2490 ιο
314 2411 493 2506 vtcumque
508 2421 688 2508 figuraliter
703 2421 856 2506 exposui.
895 2419 1052 2486 Ceterum
1063 2441 1180 2505 regum
1193 2422 1415 2488 munificentie

285 2529 300 2591 s
314 2527 492 2592 terminum
508 2527 541 2590 in
561 2526 634 2607 hiis,
649 2545 749 2610 quem
769 2545 837 2590 non
854 2525 1150 2608 transgrediantur,
1167 2545 1232 2590 non
1248 2526 1413 2592 constitui.

315 2631 412 2694 Proni
429 2631 516 2696 enim
528 2640 605 2696 sunt
620 2650 736 2694 omnes
748 2639 885 2714 propter
900 2629 1041 2714 gratiam
1053 2629 1115 2694 sibi
1127 2630 1286 2694 creditam
1302 2631 1335 2694 in
1351 2651 1413 2696 sue

313 2736 483 2819 dignitatis
507 2735 648 2820 gloriam
677 2734 949 2818 promouendam,
972 2733 1017 2796 hii
1040 2735 1212 2816 presertim
1236 2736 1293 2818 qui
1324 2743 1413 2800 recte

312 2839 454 2924 sapiunt.
501 2839 550 2904 At
574 2838 630 2904 ille
654 2839 799 2903 maxime
822 2838 1065 2902 mundanorum
1092 2837 1278 2921 principum
1305 2839 1413 2902 maxi-

269 2971 298 3024 ²5
313 2965 396 3020 mus,
412 2943 546 3008 illustris
562 2943 751 3026 Anglorum
764 2963 824 3006 rex
841 2941 1006 3007 Henricus
1017 2943 1190 3018 secundus,
1203 2941 1235 3004 in
1253 2943 1412 3026 augendis

312 3047 526 3130 dignitatibus
541 3047 602 3111 sibi
616 3037 826 3110 militantium
838 3065 969 3127 semper
983 3045 1116 3127 aspirat,
1127 3045 1233 3109 sciens
1245 3065 1307 3128 pro
1318 3055 1412 3112 certo

311 3152 401 3233 quod
420 3149 549 3216 in'dulta
563 3151 630 3215 suis
649 3148 809 3214 beneficia
829 3148 968 3213 nominis
987 3149 1039 3213 sui
1054 3147 1195 3232 gloriam
1214 3149 1411 3216 immortalis

311 3253 397 3318 lame
426 3254 531 3319 titulis
562 3262 777 3320 emercantur.
824 3252 921 3316 Nunc
945 3253 1046 3336 igitur
1067 3253 1111 3317 ad
1140 3251 1204 3316 alia
1226 3262 1411 3318 currentem

310 3357 473 3422 calamum
489 3366 731 3422 conuertamus.

266 3491 298 3541 30
353 3460 548 3542 Discipulus.
594 3459 808 3542 Consequens
829 3466 889 3534 est,
905 3458 937 3522 ui
958 3456 1062 3537 fallor,
1083 3457 1169 3524 sicut
1189 3479 1234 3523 ex
1254 3459 1410 3542 predictis

308 3563 424 3629 videor
448 3564 656 3646 comperisse,
679 3573 716 3626 vt
746 3563 789 3626 de
819 3563 905 3646 regis
931 3561 1039 3645 sigillo
1065 3571 1099 3626 et
1126 3561 1212 3627 libro
1237 3561 1410 3628 iudiciario

308 3668 526 3750 prosequaris,
546 3685 687 3750 quorum
709 3666 852 3750 primum
875 3665 902 3730 si
925 3665 1010 3730 bene
1036 3666 1171 3730 memini
1195 3666 1229 3730 in
1252 3665 1409 3732 thesauro

308 3781 460 3836 seruatur
475 3780 509 3836 et
527 3760 604 3836 inde
618 3789 686 3834 non
701 3769 836 3833 recedit.

351 3873 528 3957 iiagister.
574 3873 684 3938 Immo
698 3883 732 3939 et
749 3881 935 3956 utrumque,
950 3882 1002 3938 set
1017 3881 1051 3938 et
1065 3872 1222 3957 pleraque
1237 3872 1312 3939 alia.

235 3959 297 4074 ἐξ
351 3975 496 4042 Noueris
506 3986 617 4043 autem
629 3977 819 4042 thesaurum
828 3977 1031 4061 quandoque
1041 3976 1105 4041 dici
1117 3975 1292 4061 pecuniam
1302 3975 1408 4062 ipsam

341 4161 524 4218 aestum.C
616 4159 727 4232 ssunt]
741 4159 797 4216 sint
809 4160 868 4216 NR
896 4151 898 4154 ’
956 4160 1195 4230 7ocoasionesN
1274 4177 1407 4232 9succe·

306 4234 450 4289 dunturR
545 4247 578 4300 14
596 4231 693 4305 etiam]
706 4233 774 4288 etC
871 4243 901 4303 ις
921 4233 1072 4303 grauiusC
1171 4247 1204 4289 21
1224 4233 1367 4290 constituti
1380 4235 1408 4291 R

306 4301 670 4376 23hiipresertimom.N
734 4317 766 4374 31
787 4304 919 4360 etmR
961 4305 1190 4378 ¹34setom.C
