3228 4868
342 269 406 356 136
709 269 776 335 DE
799 267 1072 336 SCACCARIO
1313 263 1358 356 [11
1375 288 1401 331 x
1415 281 1449 332 Β·

340 441 500 510 Similiter
525 440 553 506 si
581 441 803 525 cuiuscunque
823 441 1024 506 conditionis
1055 439 1113 522 vir,
1135 438 1189 505 vel
1215 437 1440 524 cuiuscunque

340 547 468 614 domini
492 565 614 622 seruus,
637 555 697 611 aut
720 544 812 624 liber,
835 555 927 611 metu
953 545 1103 612 arctioris
1126 543 1229 609 assise
1251 565 1353 628 qnam
1380 565 1440 610 rex

340 659 477 736 propter
504 647 682 716 sceleratos
710 649 938 725 constituit‚·a
967 649 1047 713 sede
1076 669 1136 714 sna
1164 647 1294 732 fugerit,
1319 657 1354 712 et
1380 667 1441 732 per

338 755 539 821 constitutos
556 774 595 818 ac
615 751 689 838 lege
708 753 864 819 diffinitos
883 753 1040 818 terminos
1062 752 1123 816 iuri
1143 771 1180 816 se
1199 772 1267 816 non
1282 751 1439 835 optulerit

312 858 394 938 5vel
415 859 632 934 excusauerit,
647 856 699 922 vel
722 859 823 922 etiam
845 857 883 934 si,
898 855 1104 922 acclamante
1125 855 1160 920 in
1182 854 1291 938 ipsum
1310 855 1439 934 vicinia,

338 971 513 1048 suspectus
542 969 576 1026 et
598 961 816 1044 postmodum
845 958 1103 1044 comprehensus
1125 979 1185 1042 per
1205 956 1315 1041 legem
1337 959 1439 1025 assise

339 1067 553 1131 constitutam
566 1083 640 1129 reus
651 1064 783 1129 sceleris
794 1064 965 1130 conuictus
976 1062 1082 1143 fuerit,
1093 1061 1206 1127 omnia
1220 1063 1291 1126 eius
1302 1061 1439 1127 mobilia

339 1167 419 1234 fisco
433 1169 564 1244 cedunt,
579 1167 765 1234 immobilia
781 1189 861 1234 vero
881 1161 1025 1233 dominis
1040 1166 1117 1231 suis.
1164 1165 1343 1231 Mobilium
1360 1186 1439 1230 vero

339 1273 446 1357 pretia
459 1293 519 1357 per
539 1293 673 1337 manum
689 1271 894 1337 vicecomitis
913 1271 957 1337 ad
978 1269 1177 1336 scaccarium
1198 1268 1388 1335 deferuntur
1405 1279 1439 1334 et

296 1401 328 1441 ro
341 1379 375 1442 in
390 1375 501 1442 annali
518 1377 566 1442 sic
585 1384 794 1456 annotantur,
810 1375 893 1440 ‘Ille
912 1375 1097 1440 vicecomes
1114 1373 1225 1439 reddit
1244 1381 1438 1457 compotum

341 1483 384 1548 de
396 1479 523 1546 catallis
537 1480 752 1564 fugitiuorum
764 1478 816 1545 vel
832 1477 1060 1544 mutilatorum
1075 1496 1135 1563 per
1146 1477 1291 1555 assisam,
1307 1475 1438 1542 deloco

304 1584 400 1658 Gillo
423 1584 467 1650 N.
492 1585 617 1650 scilicet
640 1585 684 1650 de
710 1583 773 1650 hoc
800 1605 831 1650 v.
855 1584 898 1648 de
921 1583 979 1648 illo
1000 1582 1043 1648 x.’
1067 1590 1101 1646 et
1125 1581 1174 1646 sic
1199 1581 1354 1665 deinceps
1380 1601 1440 1665 per

341 1687 473 1774 singula
493 1688 611 1772 capita,
627 1687 792 1771 expressis
815 1709 929 1754 eorum
949 1687 1139 1752 nominibus
1161 1694 1196 1750 et
1217 1686 1357 1750 summis
1373 1706 1439 1770 que

341 1793 384 1858 de
395 1790 523 1858 catallis
533 1791 740 1876 singulorum
752 1800 930 1876 exurgunt.
974 1791 1050 1856 Fiet
1061 1799 1173 1857 autem
1185 1791 1219 1854 in
1232 1789 1298 1855 fine
1309 1811 1440 1856 summa

296 1917 327 1971 ¹⁵
340 1897 500 1976 omnium,
519 1906 553 1962 et
575 1895 662 1963 circa
683 1895 782 1961 linem
800 1885 948 1964 eiusdem
968 1895 1062 1976 linee,
1083 1895 1118 1960 in
1139 1915 1206 1979 qua
1227 1913 1359 1960 summa
1380 1903 1440 1976 est,

340 2001 502 2066 scribetur
518 2003 526 2034 ⁶
540 1999 579 2064 ln
594 1999 751 2066 thesauro
771 1999 818 2066 xl.
834 1999 916 2065 libre
930 2000 963 2064 in
978 2008 1030 2064 tot
1043 1998 1097 2064 vel
1111 2008 1163 2064 tot
1177 1998 1274 2064 taleis
1289 2007 1324 2064 et
1339 1997 1440 2063 debet

341 2125 376 2170 x.
399 2100 515 2169 libras’
538 2101 590 2169 vel
612 2103 676 2168 ‘Et
698 2105 829 2187 quietus
850 2102 919 2168 est!
966 2103 1041 2168 Hec
1064 2111 1149 2178 sunt,
1170 2100 1280 2182 frater,
1298 2122 1439 2185 quorum

340 2227 440 2290 supra
452 2207 671 2286 meminimus,
683 2227 748 2291 que
760 2207 803 2272 ad
815 2207 1254 2272 scaccarinmavicecomite
1263 2205 1440 2272 deferenda

339 2321 373 2376 et
395 2309 555 2374 soluenda
576 2320 661 2385 sunt,
685 2311 785 2376 etiam
811 2311 840 2376 si
869 2309 1084 2376 summonitio
1113 2308 1204 2374 nulla
1234 2309 1439 2395 precesserit.

296 2413 396 2480 aosic
418 2423 452 2479 et
474 2415 655 2493 thesaurus,
673 2414 792 2479 effossa
813 2413 931 2480 tellure
952 2413 1006 2480 vel
1023 2413 1119 2479 aliter
1141 2413 1305 2478 inuentus.
1351 2413 1439 2478 Item

339 2537 415 2582 cum
437 2517 512 2602 quis
532 2516 653 2582 laicum
680 2517 818 2583 fundum
841 2518 966 2583 habens
987 2517 1041 2583 vel
1063 2517 1145 2582 ciuis
1170 2516 1272 2583 etiam
1300 2515 1439 2600 publicis

340 2621 476 2687 insenuit
501 2622 614 2698 vaunis,
640 2621 667 2686 si
692 2621 747 2688 hic
770 2623 946 2688 intestatus
969 2621 1156 2698 decesserit,
1177 2619 1230 2685 vel
1252 2619 1354 2686 etiam
1375 2619 1440 2684 biis

339 2747 424 2810 quos
447 2724 655 2791 defraudanit
685 2747 751 2790 non
779 2724 981 2792 satisfaciens
1010 2733 1249 2791 testamentum
1272 2724 1316 2789 de
1336 2743 1439 2810 praue

339 2830 511 2915 adquisitis
539 2829 629 2894 visus
657 2837 709 2894 est
738 2830 933 2905 condidisse,
955 2837 1008 2894 set
1037 2830 1154 2895 eadem
1181 2848 1249 2892 non
1271 2828 1440 2893 distribuit

295 2945 326 2998 25
340 2936 444 3000 immo
466 2953 567 3020 penes
590 2953 626 2998 se
648 2934 835 3013 reseruauit,
858 2933 937 3017 qnia
959 2933 1007 2997 sic
1032 2931 1220 3016 perquisitis
1246 2931 1439 2997 incumbens

338 3041 486 3106 animum
513 3037 704 3122 possidendi
725 3037 909 3102 deseruisse
933 3057 1001 3102 non
1027 3036 1180 3114 creditur,
1203 3035 1343 3118 pecunia
1369 3035 1439 3099 eius

338 3153 374 3208 et
395 3143 508 3208 omnia
528 3140 664 3206 mobilia
690 3160 772 3205 mox
796 3139 988 3206 infiscantur
1012 3149 1047 3206 et
1068 3159 1135 3204 non
1157 3139 1359 3204 summonita
1381 3159 1440 3224 per

339 3246 497 3312 officiales
528 3246 571 3311 ad
602 3244 802 3310 scaccarium
834 3245 1034 3310 deferuntur.
1087 3243 1195 3308 Heres
1227 3253 1340 3309 autem
1372 3243 1438 3307 lam

338 3349 485 3416 defuncti
504 3348 608 3414 fundo
621 3357 761 3432 patemo
781 3357 815 3414 et
832 3348 902 3414 eius
917 3345 1144 3414 immobilibus
1160 3347 1225 3412 sibi
1243 3347 1302 3412 vix
1318 3345 1439 3411 relictis

294 3472 327 3524 30
339 3452 493 3536 gaudeat.
1099 3476 1103 3484 ·

381 3554 577 3637 Discrjtulus.
633 3553 690 3618 Ex
717 3553 885 3638 premissis
915 3575 981 3638 que
1010 3555 1053 3620 de
1081 3553 1320 3619 feneratoribus
1349 3555 1439 3622 dicta

338 3669 415 3725 sunt
434 3659 565 3743 questio
586 3659 698 3742 grauis
714 3658 861 3723 animum
883 3657 992 3742 pulsat
1011 3677 1112 3741 quarn
1131 3657 1261 3736 vellem,
1276 3658 1304 3720 si
1324 3657 1440 3742 placet,

339 3763 468 3847 plenius
483 3763 644 3846 expediri.
690 3763 814 3827 Dixisti
833 3763 922 3826 enirn
944 3764 1042 3827 ‘cum
1065 3762 1140 3844 quis
1157 3761 1278 3826 laicum
1298 3763 1438 3828 fundum

337 3867 464 3934 habens
485 3867 539 3931 vel
562 3865 663 3930 etiam
686 3866 767 3930 ciuis
789 3865 931 3949 publicis
953 3865 1090 3931 Inseruit
1112 3862 1240 3931 vsuris'
1262 3875 1297 3931 et
1319 3876 1439 3934 cetera

376 4033 388 4074 1
409 4018 599 4076 conditionis.
614 4019 844 4089 ..cuiuscunque
861 4035 914 4074 om.
932 4020 960 4074 R
1047 4032 1067 4087 4
1084 4017 1218 4076 terminos
1237 4037 1291 4074 om.
1304 4021 1332 4074 R
1422 4035 1440 4088 9

338 4089 511 4160 deferuntur]
525 4091 717 4146 referunturC
788 4104 820 4146 12
839 4089 950 4145 illoom.
963 4091 991 4145 R
1060 4109 1087 4145 v.
1099 4091 1191 4146 mc
1257 4095 1325 4162 post
1336 4109 1363 4147 v.
1375 4091 1441 4147 add.

338 4161 406 4216 etC
476 4163 509 4217 16
526 4163 570 4217 vel
582 4173 622 4217 tot
635 4163 728 4216 om.C
790 4173 821 4227 17
840 4163 884 4215 vel
897 4161 999 4216 om.N
1061 4159 1293 4232 frateszuperR
1360 4177 1393 4234 19
1411 4173 1439 4217 et

338 4231 474 4287 soluenda
486 4233 579 4288 om.R
650 4246 681 4285 21
703 4230 773 4288 ciuis
785 4231 913 4288 Madox:
932 4231 996 4303 quis
1010 4231 1091 4287 CNR
1161 4231 1258 4304 etiam]
1271 4233 1338 4289 etC
1405 4247 1439 4288 22

337 4299 483 4372 hiisJisR
553 4317 587 4372 32
605 4301 758 4373 grauiusC
833 4317 867 4374 34
886 4301 1083 4375 ciuiquuisC
