3228 4868
155 294 265 389 rer]
520 291 887 364 oascnccanro
1215 292 1256 377 εγ

155 472 239 538 duos
262 467 405 557 percipit
424 466 575 535 denarios
595 487 658 552 pro
675 464 830 534 examine
849 465 934 534 sicut
954 465 1111 534 diximus.
1154 463 1258 551 Quod

154 577 183 642 si
210 574 331 660 quouis
355 593 436 640 casu
463 571 554 638 aliud
577 571 700 638 iaceret
726 571 827 637 etiam
851 570 995 638 sitertio
1015 569 1260 637 examinauerit

153 699 221 745 non
237 677 397 764 percipiet
416 675 605 762 quicquam,
620 675 679 742 sed
699 685 877 742 contentus
895 675 958 741 erit
977 674 1079 741 semel
1093 675 1258 759 susceptis

154 782 299 850 duobus.

198 884 397 970 Dirciprrlru.
442 883 549 950 Miror
570 903 592 950 a
613 883 715 950 tanda
736 891 865 950 tantm
883 882 1032 950 adhiberi
1051 881 1287 968 diligentiam

153 991 188 1055 in
205 991 302 1055 unius
316 987 400 1056 libre
414 987 669 1066 examinatione,
683 1007 761 1056 cum
775 1007 836 1053 nec
852 1008 993 1073 magnam
1006 1007 1052 1052 ex
1066 1008 1106 1054 ea
1120 995 1259 1072 questus

153 1114 217 1161 nec
231 1093 339 1159 multa
353 1093 478 1160 iactura
492 1091 672 1177 proueniat.
967 1163 971 1172 ,

198 1197 375 1282 Magram.
420 1196 499 1261 Nou
530 1205 667 1280 propter
694 1193 782 1262 hanc
813 1203 946 1264 tantum
978 1193 1064 1261 liunt
1097 1194 1167 1272 hec,
1197 1195 1259 1262 aed

154 1310 292 1386 propter
311 1319 427 1366 omnes
449 1299 610 1383 illasque
631 1299 675 1364 ab
697 1300 816 1366 eodem
837 1299 1033 1366 vicecomite
1053 1298 1117 1365 sub
1137 1299 1257 1365 eodem

154 1405 290 1470 nomine
306 1403 404 1469 firme
416 1401 516 1470 simul
530 1421 608 1468 cum
622 1401 687 1470 hac
701 1402 941 1487 persoluuntur.
987 1403 1158 1487 Quantum
1169 1403 1256 1468 eninr
1271 1425 1303 1462 ιο

153 1509 199 1575 ab
214 1507 277 1573 bac
293 1507 378 1572 libra
394 1507 579 1592 perignem
594 1507 819 1594 purgatorium
833 1506 968 1584 decidit,
985 1509 1196 1574 tantumdem
1210 1527 1256 1571 ex

153 1611 294 1696 singulis
307 1611 381 1677 aliis
394 1611 488 1677 libris
505 1611 633 1676 nouerit
649 1611 831 1678 vicecomes
849 1611 893 1676 de
907 1631 1037 1676 summa
1050 1631 1110 1676 sua
1128 1611 1260 1676 subtra-

153 1716 323 1794 hendum3
350 1725 389 1782 vt
409 1715 437 1780 si
459 1725 595 1782 centum
617 1715 718 1782 libras
740 1724 930 1782 numeratas
949 1713 1084 1782 soluerit
1105 1723 1141 1780 et
1171 1713 1256 1782 libra

154 1820 323 1886 examinis
342 1819 403 1884 xii.
423 1819 568 1886 denariis
590 1818 752 1886 exciderit
777 1839 845 1885 non
871 1828 1106 1905 computentur
1133 1818 1163 1884 ei
1193 1817 1257 1883 nisi

153 1924 340 2009 nonaginta
354 1923 510 2007 quinque.
1271 1939 1302 1993 ¹⁵

198 2027 396 2111 Daescipulus.
434 2027 534 2094 Nunc
544 2026 780 2094 viderevideor
789 2036 943 2110 questum
954 2046 999 2118 erc
1010 2025 1073 2092 biis
1082 2025 1258 2112 prouenire

155 2151 256 2218 posse
270 2152 337 2198 non
354 2130 532 2211 modicum,
546 2131 605 2196 sed
620 2130 673 2196 cui
687 2129 804 2197 cedere
818 2130 940 2196 debeat
955 2131 1081 2215 ignoro.

198 2236 375 2319 Magriter.
420 2233 533 2301 Semel
547 2233 674 2299 dictum
690 2241 750 2312 est,
765 2243 800 2299 et
815 2253 946 2318 semper
966 2235 1176 2320 intelligatur,
1194 2233 1256 2300 soli

155 2339 247 2424 regie
261 2339 395 2405 vtilitati
410 2339 445 2404 io
459 2339 615 2405 omnibus
629 2338 693 2404 hiis
708 2338 832 2404 seruiri.
887 2337 983 2405 Licet
996 2349 1109 2404 autem
1129 2359 1150 2404 a
1166 2339 1256 2404 talea

153 2443 362 2510 vicecomitis
382 2443 570 2509 combustio
591 2441 795 2521 detrahatur,
809 2442 952 2508 mittitur
971 2451 1084 2509 tamen
1106 2463 1254 2508 seorsum
1271 2467 1302 2504 ιο

154 2549 190 2613 in
204 2547 328 2612 taleam
344 2545 483 2612 alteram
497 2546 682 2612 breuiorem
697 2556 734 2612 vt
749 2545 792 2612 de
807 2567 938 2612 summa
951 2547 1021 2613 eius
1034 2546 1257 2612 thesaurarius

154 2661 191 2718 et
205 2649 376 2718 camerarii
394 2649 626 2734 respondeant.
671 2649 850 2716 Sciendum
872 2669 952 2714 vero
974 2651 1065 2733 quod
1087 2649 1258 2735 perhanc

153 2755 280 2822 taleam
305 2752 543 2820 combustionis
565 2753 740 2820 dealbatur
761 2752 857 2818 firma
877 2753 1086 2834 vicecomitis,
1108 2754 1195 2819 vnde
1220 2755 1256 2819 in

153 2858 384 2926 testimonium
399 2856 497 2924 huius
510 2856 557 2922 rei
571 2877 703 2942 semper
717 2856 833 2922 maiori
848 2855 935 2922 talee
949 2867 1097 2941 appensa
1111 2855 1256 2923 coheret.

198 2961 396 3046 Discipulus.
443 2959 558 3039 Pulsat
579 2961 687 3028 adhuc
706 2969 761 3026 me'
782 2961 915 3044 questio
934 2981 1002 3026 non
1023 2959 1191 3026 dissimilis
1210 2959 1256 3026 illi
1268 2953 1301 3073 3⁵

153 3085 259 3150 quam
275 3068 309 3130 in
324 3063 461 3150 agendis
474 3064 634 3130 inferioris
645 3065 800 3131 scaccarii
815 3065 1026 3150 proposuisse
1037 3083 1091 3129 me
1102 3063 1256 3150 memini:

154 3190 257 3255 quare
275 3168 428 3236 videlicet
442 3169 527 3234 libra
538 3189 605 3235 una
618 3167 693 3254 plus
708 3169 811 3234 altera
825 3169 959 3234 decidat
970 3187 1045 3232 cum
1060 3189 1122 3254 par
1135 3168 1256 3234 debeat

155 3293 230 3340 esse
245 3273 395 3340 conditio
409 3273 561 3339 omnium
578 3272 785 3357 operantium
801 3263 835 3336 in
851 3281 996 3338 moneta

199 3376 376 3461 Magister.
419 3375 480 3442 Ad
505 3376 589 3442 hanc
615 3377 699 3442 sicut
725 3375 767 3442 ad
791 3375 882 3442 illam
908 3371 1115 3460 questionem
1136 3376 1256 3443 sufficit

155 3479 358 3566 respondere
367 3479 438 3545 lieri
450 3499 551 3564 posse
564 3480 629 3546 hoc
643 3499 703 3564 per
713 3478 861 3544 falsarios
872 3487 907 3544 et
918 3499 1127 3545 nummorum
1137 3480 1255 3546 deton·
1268 3495 1302 3547 30

154 3605 262 3652 sores⁴
301 3583 450 3650 Fuerunt
468 3594 581 3652 autem
602 3585 660 3669 qui
682 3585 863 3662 crederent,
878 3582 997 3666 quibus
1019 3603 1080 3648 nec
1102 3603 1166 3668 ego
1187 3583 1257 3649 dis·

155 3689 348 3768 sentio,non
359 3687 633 3772 essclegittimam
643 3688 735 3772 regni
743 3687 1256 3754 huiusmonetamsiexaminata

153 3792 241 3858 libra
261 3792 394 3858 decidat
416 3791 491 3876 plus
515 3811 617 3876 quam
640 3793 682 3858 vi.
707 3812 728 3856 a
753 3792 903 3875 pondere
925 3811 991 3875 que
1012 3800 1185 3858 numerata
1205 3811 1256 3856 re·

154 3897 318 3984 spondet;
354 3903 390 3962 et
426 3895 528 3961 etiam
563 3895 709 3962 delatam
747 3895 790 3960 ad
829 3895 1026 3962 scaccarium
1065 3895 1257 3962 huiuamodi

191 4107 283 4164 3non
298 4091 374 4164 perc’
389 4091 414 4148 C
422 4106 598 4174 corrnrrnrg.
705 4091 889 4174 'quicquam
900 4091 976 4147 RN:
993 4091 1259 4150 hoenmnkabctc

157 4179 191 4234 13
203 4164 358 4220 censumR
408 4165 440 4218 18
446 4162 815 4246 postsolraddratronell'
862 4161 1107 4246 andetraheturC
1158 4177 1255 4236 uap-

154 4234 364 4363 amaea
380 4233 661 4377 ”diritati
681 4233 1258 4378 atsurrreatralvattt
