<?xml version="1.0" encoding="UTF-8"?>
<!DOCTYPE html PUBLIC "-//W3C//DTD XHTML 1.0 Transitional//EN"
    "http://www.w3.org/TR/xhtml1/DTD/xhtml1-transitional.dtd">
<html xmlns="http://www.w3.org/1999/xhtml" xml:lang="en" lang="en">
 <head>
  <title>
</title>
<meta http-equiv="Content-Type" content="text/html;charset=utf-8" />
  <meta name='ocr-system' content='tesseract 3.04.00' />
  <meta name='ocr-capabilities' content='ocr_page ocr_carea ocr_par ocr_line ocrx_word'/>
</head>
<body>
  <div class='ocr_page' id='page_1' title='image "./denecessariisob00fitzgoog_0108.png"; bbox 0 0 3228 4868; ppageno 0'>
   <div class='ocr_carea' id='block_1_1' title="bbox 168 293 1403 388">
    <p class='ocr_par' dir='ltr' id='par_1_1' title="bbox 168 293 1403 388">
     <span class='ocr_line' id='line_1_1' title="bbox 168 293 1403 388; baseline 0.01 -22"><span class='ocrx_word' id='word_1_1' title='bbox 168 298 254 366; x_wconf 75' lang='lat' dir='ltr'><strong>run</strong></span> <span class='ocrx_word' id='word_1_2' title='bbox 273 293 313 388; x_wconf 72' lang='lat' dir='ltr'><strong>n]</strong></span> <span class='ocrx_word' id='word_1_3' title='bbox 538 297 607 366; x_wconf 81' lang='lat' dir='ltr'><strong>ns</strong></span> <span class='ocrx_word' id='word_1_4' title='bbox 630 297 904 367; x_wconf 78' lang='lat' dir='ltr'><strong>scaccamo</strong></span> <span class='ocrx_word' id='word_1_5' title='bbox 1229 319 1272 388; x_wconf 78' lang='lat'><strong>93</strong></span> <span class='ocrx_word' id='word_1_6' title='bbox 1399 309 1403 326; x_wconf 90' lang='lat'><em>·</em></span> 
     </span>
    </p>
   </div>
   <div class='ocr_carea' id='block_1_2' title="bbox 168 467 1322 4088">
    <p class='ocr_par' dir='ltr' id='par_1_2' title="bbox 168 467 1273 640">
     <span class='ocr_line' id='line_1_2' title="bbox 168 467 1273 556; baseline -0.001 -20"><span class='ocrx_word' id='word_1_7' title='bbox 168 477 291 556; x_wconf 80' lang='lat' dir='ltr'><strong>potest</strong></span> <span class='ocrx_word' id='word_1_8' title='bbox 338 467 438 535; x_wconf 93' lang='lat' dir='ltr'><strong>Nunc</strong></span> <span class='ocrx_word' id='word_1_9' title='bbox 460 489 526 554; x_wconf 90' lang='lat' dir='ltr'><strong>que</strong></span> <span class='ocrx_word' id='word_1_10' title='bbox 543 479 620 535; x_wconf 91' lang='lat' dir='ltr'><strong>sunt</strong></span> <span class='ocrx_word' id='word_1_11' title='bbox 642 489 756 536; x_wconf 88' lang='lat' dir='ltr'><strong>eorum</strong></span> <span class='ocrx_word' id='word_1_12' title='bbox 779 469 850 534; x_wconf 90' lang='lat' dir='ltr'><strong>iura</strong></span> <span class='ocrx_word' id='word_1_13' title='bbox 867 467 922 534; x_wconf 90' lang='lat' dir='ltr'><strong>vel</strong></span> <span class='ocrx_word' id='word_1_14' title='bbox 943 467 1122 554; x_wconf 79' lang='lat' dir='ltr'><strong>dignitates</strong></span> <span class='ocrx_word' id='word_1_15' title='bbox 1143 467 1273 536; x_wconf 88' lang='lat' dir='ltr'><strong>ratione</strong></span> 
     </span>
     <span class='ocr_line' id='line_1_3' title="bbox 168 573 844 640; baseline 0 0"><span class='ocrx_word' id='word_1_16' title='bbox 168 573 327 640; x_wconf 78' lang='lat' dir='ltr'><strong>sessionis</strong></span> <span class='ocrx_word' id='word_1_17' title='bbox 342 573 387 638; x_wconf 89' lang='lat' dir='ltr'><strong>ad</strong></span> <span class='ocrx_word' id='word_1_18' title='bbox 404 573 605 640; x_wconf 83' lang='lat' dir='ltr'><strong>scaccarium</strong></span> <span class='ocrx_word' id='word_1_19' title='bbox 620 573 844 640; x_wconf 84' lang='lat' dir='ltr'>ostendemus.</span> 
     </span>
    </p>

    <p class='ocr_par' dir='ltr' id='par_1_3' title="bbox 168 675 1302 1161">
     <span class='ocr_line' id='line_1_4' title="bbox 214 675 1273 762; baseline -0.002 -18"><span class='ocrx_word' id='word_1_20' title='bbox 214 677 361 762; x_wconf 87' lang='lat' dir='ltr'>Oportet</span> <span class='ocrx_word' id='word_1_21' title='bbox 380 687 493 743; x_wconf 85' lang='lat' dir='ltr'><strong>autern</strong></span> <span class='ocrx_word' id='word_1_22' title='bbox 509 679 552 744; x_wconf 91' lang='lat' dir='ltr'><strong>de</strong></span> <span class='ocrx_word' id='word_1_23' title='bbox 572 687 683 744; x_wconf 89' lang='lat' dir='ltr'><strong>cetero</strong></span> <span class='ocrx_word' id='word_1_24' title='bbox 700 687 737 744; x_wconf 90' lang='lat' dir='ltr'><strong>vt</strong></span> <span class='ocrx_word' id='word_1_25' title='bbox 757 677 855 743; x_wconf 90' lang='lat' dir='ltr'><strong>nobis</strong></span> <span class='ocrx_word' id='word_1_26' title='bbox 873 676 1016 762; x_wconf 90' lang='lat' dir='ltr'><strong>amplius</strong></span> <span class='ocrx_word' id='word_1_27' title='bbox 1031 685 1145 761; x_wconf 87' lang='lat' dir='ltr'><strong>parcat</strong></span> <span class='ocrx_word' id='word_1_28' title='bbox 1159 675 1273 762; x_wconf 89' lang='lat' dir='ltr'><strong>lingua</strong></span> 
     </span>
     <span class='ocr_line' id='line_1_5' title="bbox 168 781 1273 850; baseline 0.002 -4"><span class='ocrx_word' id='word_1_29' title='bbox 168 781 367 848; x_wconf 87' lang='lat' dir='ltr'><strong>detractoris</strong></span> <span class='ocrx_word' id='word_1_30' title='bbox 381 791 416 848; x_wconf 92' lang='lat' dir='ltr'><strong>et</strong></span> <span class='ocrx_word' id='word_1_31' title='bbox 431 784 515 848; x_wconf 86' lang='lat' dir='ltr'><strong>dens</strong></span> <span class='ocrx_word' id='word_1_32' title='bbox 535 783 663 849; x_wconf 87' lang='lat' dir='ltr'><strong>emulus</strong></span> <span class='ocrx_word' id='word_1_33' title='bbox 677 804 720 849; x_wconf 92' lang='lat' dir='ltr'><strong>ne</strong></span> <span class='ocrx_word' id='word_1_34' title='bbox 738 781 842 850; x_wconf 86' lang='lat' dir='ltr'><strong>laniet</strong></span> <span class='ocrx_word' id='word_1_35' title='bbox 856 782 1054 850; x_wconf 83' lang='lat' dir='ltr'><strong>insultando.</strong></span> <span class='ocrx_word' id='word_1_36' title='bbox 1099 782 1171 848; x_wconf 87' lang='lat' dir='ltr'><strong>Vix</strong></span> <span class='ocrx_word' id='word_1_37' title='bbox 1186 783 1273 848; x_wconf 88' lang='lat' dir='ltr'><strong>enim</strong></span> 
     </span>
     <span class='ocr_line' id='line_1_6' title="bbox 169 885 1302 972; baseline 0.004 -24"><span class='ocrx_word' id='word_1_38' title='bbox 169 885 214 950; x_wconf 91' lang='lat' dir='ltr'><strong>ad</strong></span> <span class='ocrx_word' id='word_1_39' title='bbox 230 885 385 952; x_wconf 85' lang='lat' dir='ltr'><strong>notitiam</strong></span> <span class='ocrx_word' id='word_1_40' title='bbox 400 896 495 952; x_wconf 90' lang='lat' dir='ltr'><strong>tuam</strong></span> <span class='ocrx_word' id='word_1_41' title='bbox 515 886 640 971; x_wconf 87' lang='lat' dir='ltr'><strong>aliquid</strong></span> <span class='ocrx_word' id='word_1_42' title='bbox 658 885 777 954; x_wconf 89' lang='lat' dir='ltr'><strong>horum</strong></span> <span class='ocrx_word' id='word_1_43' title='bbox 794 887 998 972; x_wconf 90' lang='lat' dir='ltr'><strong>pertingeret</strong></span> <span class='ocrx_word' id='word_1_44' title='bbox 1012 887 1040 953; x_wconf 92' lang='lat' dir='ltr'><strong>si</strong></span> <span class='ocrx_word' id='word_1_45' title='bbox 1061 906 1129 954; x_wconf 89' lang='lat' dir='ltr'><strong>non</strong></span> <span class='ocrx_word' id='word_1_46' title='bbox 1143 887 1273 953; x_wconf 80' lang='lat' dir='ltr'><strong>usitatis</strong></span> <span class='ocrx_word' id='word_1_47' title='bbox 1287 913 1302 965; x_wconf 74' lang='lat'><strong><em>5</em></strong></span> 
     </span>
     <span class='ocr_line' id='line_1_7' title="bbox 170 988 1272 1074; baseline 0.003 -21"><span class='ocrx_word' id='word_1_48' title='bbox 170 1007 281 1054; x_wconf 91' lang='lat' dir='ltr'><strong>rerum</strong></span> <span class='ocrx_word' id='word_1_49' title='bbox 299 988 479 1069; x_wconf 90' lang='lat' dir='ltr'><strong>vocabulis,</strong></span> <span class='ocrx_word' id='word_1_50' title='bbox 498 999 550 1056; x_wconf 89' lang='lat' dir='ltr'><strong>set</strong></span> <span class='ocrx_word' id='word_1_51' title='bbox 567 989 737 1074; x_wconf 88' lang='lat' dir='ltr'><strong>exquisito</strong></span> <span class='ocrx_word' id='word_1_52' title='bbox 756 991 933 1057; x_wconf 91' lang='lat' dir='ltr'><strong>verborum</strong></span> <span class='ocrx_word' id='word_1_53' title='bbox 951 991 1100 1072; x_wconf 72' lang='lat' dir='ltr'><strong>serenati,</strong></span> <span class='ocrx_word' id='word_1_54' title='bbox 1120 989 1174 1056; x_wconf 86' lang='lat' dir='ltr'><strong>vel</strong></span> <span class='ocrx_word' id='word_1_55' title='bbox 1193 1010 1272 1057; x_wconf 87' lang='lat' dir='ltr'><strong>con·</strong></span> 
     </span>
     <span class='ocr_line' id='line_1_8' title="bbox 170 1090 921 1161; baseline 0.003 -4"><span class='ocrx_word' id='word_1_56' title='bbox 170 1090 260 1158; x_wconf 87' lang='lat' dir='ltr'><strong>fictis</strong></span> <span class='ocrx_word' id='word_1_57' title='bbox 275 1093 467 1160; x_wconf 85' lang='lat' dir='ltr'><strong>nominibus</strong></span> <span class='ocrx_word' id='word_1_58' title='bbox 481 1094 678 1161; x_wconf 89' lang='lat' dir='ltr'><strong>duxerimus</strong></span> <span class='ocrx_word' id='word_1_59' title='bbox 692 1095 921 1161; x_wconf 89' lang='lat' dir='ltr'><strong>insistendum.</strong></span> 
     </span>
    </p>

    <p class='ocr_par' dir='ltr' id='par_1_4' title="bbox 169 1194 1320 1910">
     <span class='ocr_line' id='line_1_9' title="bbox 212 1194 1274 1285; baseline 0.004 -25"><span class='ocrx_word' id='word_1_60' title='bbox 212 1194 412 1278; x_wconf 68' lang='lat' dir='ltr'><strong>Daekcipulus.</strong></span> <span class='ocrx_word' id='word_1_61' title='bbox 456 1195 571 1264; x_wconf 86' lang='lat' dir='ltr'><strong>Solam</strong></span> <span class='ocrx_word' id='word_1_62' title='bbox 592 1199 768 1266; x_wconf 87' lang='lat' dir='ltr'><strong>verbomm</strong></span> <span class='ocrx_word' id='word_1_63' title='bbox 792 1199 976 1266; x_wconf 91' lang='lat' dir='ltr'><strong>nouitatem</strong></span> <span class='ocrx_word' id='word_1_64' title='bbox 998 1217 1019 1262; x_wconf 88' lang='lat' dir='ltr'><strong>a</strong></span> <span class='ocrx_word' id='word_1_65' title='bbox 1039 1198 1203 1285; x_wconf 89' lang='lat' dir='ltr'><strong>principio</strong></span> <span class='ocrx_word' id='word_1_66' title='bbox 1225 1199 1274 1264; x_wconf 89' lang='lat' dir='ltr'><strong>vi·</strong></span> 
     </span>
     <span class='ocr_line' id='line_1_10' title="bbox 169 1301 1274 1384; baseline 0.004 -20"><span class='ocrx_word' id='word_1_67' title='bbox 169 1308 244 1364; x_wconf 88' lang='lat' dir='ltr'><strong>tare</strong></span> <span class='ocrx_word' id='word_1_68' title='bbox 261 1301 433 1384; x_wconf 88' lang='lat' dir='ltr'><strong>premonui</strong></span> <span class='ocrx_word' id='word_1_69' title='bbox 457 1310 491 1366; x_wconf 91' lang='lat' dir='ltr'><strong>et</strong></span> <span class='ocrx_word' id='word_1_70' title='bbox 513 1303 599 1368; x_wconf 89' lang='lat' dir='ltr'><strong>circa</strong></span> <span class='ocrx_word' id='word_1_71' title='bbox 622 1303 814 1370; x_wconf 87' lang='lat' dir='ltr'><strong>communia</strong></span> <span class='ocrx_word' id='word_1_72' title='bbox 834 1302 1066 1370; x_wconf 90' lang='lat' dir='ltr'><strong>communibus</strong></span> <span class='ocrx_word' id='word_1_73' title='bbox 1088 1313 1123 1368; x_wconf 92' lang='lat' dir='ltr'><strong>et</strong></span> <span class='ocrx_word' id='word_1_74' title='bbox 1143 1302 1274 1368; x_wconf 91' lang='lat' dir='ltr'><strong>vsitatis</strong></span> 
     </span>
     <span class='ocr_line' id='line_1_11' title="bbox 171 1402 1320 1492; baseline -0.001 -25"><span class='ocrx_word' id='word_1_75' title='bbox 171 1402 227 1468; x_wconf 91' lang='lat' dir='ltr'><strong>vbi</strong></span> <span class='ocrx_word' id='word_1_76' title='bbox 242 1404 352 1470; x_wconf 89' lang='lat' dir='ltr'><strong>verbis</strong></span> <span class='ocrx_word' id='word_1_77' title='bbox 366 1405 505 1486; x_wconf 88' lang='lat' dir='ltr'><strong>obtinui,</strong></span> <span class='ocrx_word' id='word_1_78' title='bbox 515 1427 558 1471; x_wconf 91' lang='lat' dir='ltr'><strong>ne</strong></span> <span class='ocrx_word' id='word_1_79' title='bbox 572 1405 791 1492; x_wconf 88' lang='lat' dir='ltr'><strong>disciplinalia</strong></span> <span class='ocrx_word' id='word_1_80' title='bbox 799 1408 986 1474; x_wconf 88' lang='lat' dir='ltr'><strong>rudimenta</strong></span> <span class='ocrx_word' id='word_1_81' title='bbox 996 1407 1129 1472; x_wconf 91' lang='lat' dir='ltr'><strong>nouitas</strong></span> <span class='ocrx_word' id='word_1_82' title='bbox 1144 1406 1273 1472; x_wconf 85' lang='lat' dir='ltr'><strong>insueta</strong></span> <span class='ocrx_word' id='word_1_83' title='bbox 1289 1429 1320 1468; x_wconf 84' lang='grc' dir='ltr'><strong>ιο</strong></span> 
     </span>
     <span class='ocr_line' id='line_1_12' title="bbox 172 1507 1273 1598; baseline 0.002 -26"><span class='ocrx_word' id='word_1_84' title='bbox 172 1507 331 1574; x_wconf 86' lang='lat' dir='ltr'><strong>turbaret.</strong></span> <span class='ocrx_word' id='word_1_85' title='bbox 377 1509 434 1576; x_wconf 90' lang='lat' dir='ltr'><strong>Sic</strong></span> <span class='ocrx_word' id='word_1_86' title='bbox 456 1509 558 1594; x_wconf 88' lang='lat' dir='ltr'><strong>igitur</strong></span> <span class='ocrx_word' id='word_1_87' title='bbox 577 1521 615 1578; x_wconf 91' lang='lat' dir='ltr'><strong>vt</strong></span> <span class='ocrx_word' id='word_1_88' title='bbox 633 1511 750 1596; x_wconf 86' lang='lat' dir='ltr'><strong>cepisti</strong></span> <span class='ocrx_word' id='word_1_89' title='bbox 771 1521 907 1598; x_wconf 90' lang='lat' dir='ltr'><strong>ceptum</strong></span> <span class='ocrx_word' id='word_1_90' title='bbox 926 1509 1028 1576; x_wconf 91' lang='lat' dir='ltr'><strong>libeat</strong></span> <span class='ocrx_word' id='word_1_91' title='bbox 1046 1509 1108 1575; x_wconf 90' lang='lat' dir='ltr'><strong>iter</strong></span> <span class='ocrx_word' id='word_1_92' title='bbox 1126 1509 1273 1595; x_wconf 88' lang='lat' dir='ltr'><strong>explere.</strong></span> 
     </span>
     <span class='ocr_line' id='line_1_13' title="bbox 174 1607 1274 1698; baseline 0.005 -24"><span class='ocrx_word' id='word_1_93' title='bbox 174 1607 276 1694; x_wconf 88' lang='lat' dir='ltr'><strong>Quod</strong></span> <span class='ocrx_word' id='word_1_94' title='bbox 292 1613 319 1678; x_wconf 92' lang='lat' dir='ltr'><strong>si</strong></span> <span class='ocrx_word' id='word_1_95' title='bbox 334 1623 370 1679; x_wconf 91' lang='lat' dir='ltr'><strong>te</strong></span> <span class='ocrx_word' id='word_1_96' title='bbox 384 1615 431 1681; x_wconf 88' lang='lat' dir='ltr'><strong>sic</strong></span> <span class='ocrx_word' id='word_1_97' title='bbox 442 1616 646 1698; x_wconf 85' lang='lat' dir='ltr'><strong>gradientem</strong></span> <span class='ocrx_word' id='word_1_98' title='bbox 657 1615 852 1682; x_wconf 89' lang='lat' dir='ltr'><strong>detractoris</strong></span> <span class='ocrx_word' id='word_1_99' title='bbox 863 1613 973 1680; x_wconf 92' lang='lat' dir='ltr'><strong>emula</strong></span> <span class='ocrx_word' id='word_1_100' title='bbox 988 1633 1082 1680; x_wconf 90' lang='lat' dir='ltr'><strong>mens</strong></span> <span class='ocrx_word' id='word_1_101' title='bbox 1093 1612 1147 1680; x_wconf 90' lang='lat' dir='ltr'><strong>vel</strong></span> <span class='ocrx_word' id='word_1_102' title='bbox 1160 1612 1274 1698; x_wconf 90' lang='lat' dir='ltr'><strong>lingua</strong></span> 
     </span>
     <span class='ocr_line' id='line_1_14' title="bbox 172 1717 1274 1803; baseline 0.002 -23"><span class='ocrx_word' id='word_1_103' title='bbox 172 1717 328 1800; x_wconf 85' lang='lat' dir='ltr'><strong>repperit,</strong></span> <span class='ocrx_word' id='word_1_104' title='bbox 350 1717 431 1784; x_wconf 92' lang='lat' dir='ltr'><strong>illud</strong></span> <span class='ocrx_word' id='word_1_105' title='bbox 454 1719 606 1786; x_wconf 86' lang='lat' dir='ltr'><strong>obtineas</strong></span> <span class='ocrx_word' id='word_1_106' title='bbox 632 1720 676 1786; x_wconf 90' lang='lat' dir='ltr'><strong>ab</strong></span> <span class='ocrx_word' id='word_1_107' title='bbox 698 1740 740 1786; x_wconf 89' lang='lat' dir='ltr'><strong>eo</strong></span> <span class='ocrx_word' id='word_1_108' title='bbox 760 1729 797 1785; x_wconf 91' lang='lat' dir='ltr'><strong>vt</strong></span> <span class='ocrx_word' id='word_1_109' title='bbox 818 1719 876 1803; x_wconf 92' lang='lat' dir='ltr'><strong>qui</strong></span> <span class='ocrx_word' id='word_1_110' title='bbox 905 1717 1090 1803; x_wconf 88' lang='lat' dir='ltr'><strong>inscriptis</strong></span> <span class='ocrx_word' id='word_1_111' title='bbox 1112 1717 1180 1784; x_wconf 88' lang='lat' dir='ltr'><strong>suis</strong></span> <span class='ocrx_word' id='word_1_112' title='bbox 1203 1718 1274 1783; x_wconf 90' lang='lat' dir='ltr'><strong>sine</strong></span> 
     </span>
     <span class='ocr_line' id='line_1_15' title="bbox 172 1823 920 1910; baseline 0.003 -26"><span class='ocrx_word' id='word_1_113' title='bbox 172 1829 313 1905; x_wconf 88' lang='lat' dir='ltr'><strong>peccato</strong></span> <span class='ocrx_word' id='word_1_114' title='bbox 328 1832 378 1888; x_wconf 89' lang='lat' dir='ltr'><strong>est</strong></span> <span class='ocrx_word' id='word_1_115' title='bbox 396 1824 523 1909; x_wconf 91' lang='lat' dir='ltr'><strong>primus</strong></span> <span class='ocrx_word' id='word_1_116' title='bbox 538 1825 572 1889; x_wconf 92' lang='lat' dir='ltr'><strong>in</strong></span> <span class='ocrx_word' id='word_1_117' title='bbox 586 1834 622 1890; x_wconf 92' lang='lat' dir='ltr'><strong>te</strong></span> <span class='ocrx_word' id='word_1_118' title='bbox 636 1823 783 1910; x_wconf 84' lang='lat' dir='ltr'><strong>lapidem</strong></span> <span class='ocrx_word' id='word_1_119' title='bbox 797 1825 920 1890; x_wconf 83' lang='lat' dir='ltr'><strong>mittat.</strong></span> 
     </span>
    </p>

    <p class='ocr_par' dir='ltr' id='par_1_5' title="bbox 169 1925 1322 4088">
     <span class='ocr_line' id='line_1_16' title="bbox 213 1925 1319 2013; baseline -0.002 -21"><span class='ocrx_word' id='word_1_120' title='bbox 213 1925 392 2009; x_wconf 79' lang='lat' dir='ltr'><strong>Magister.</strong></span> <span class='ocrx_word' id='word_1_121' title='bbox 436 1927 567 2013; x_wconf 88' lang='lat' dir='ltr'><strong>Sponte</strong></span> <span class='ocrx_word' id='word_1_122' title='bbox 594 1948 696 2012; x_wconf 88' lang='lat' dir='ltr'><strong>parco</strong></span> <span class='ocrx_word' id='word_1_123' title='bbox 724 1929 908 1995; x_wconf 91' lang='lat' dir='ltr'><strong>dummodo</strong></span> <span class='ocrx_word' id='word_1_124' title='bbox 936 1925 994 1992; x_wconf 86' lang='lat' dir='ltr'><strong>lex</strong></span> <span class='ocrx_word' id='word_1_125' title='bbox 1023 1925 1087 1992; x_wconf 87' lang='lat' dir='ltr'><strong>ista</strong></span> <span class='ocrx_word' id='word_1_126' title='bbox 1115 1934 1274 1994; x_wconf 87' lang='lat' dir='ltr'><strong>seruetur.</strong></span> <span class='ocrx_word' id='word_1_127' title='bbox 1290 1945 1319 2000; x_wconf 72' lang='grc' dir='ltr'><strong>τε</strong></span> 
     </span>
     <span class='ocr_line' id='line_1_17' title="bbox 173 2029 1273 2115; baseline -0.005 -18"><span class='ocrx_word' id='word_1_128' title='bbox 173 2031 331 2115; x_wconf 88' lang='lat' dir='ltr'><strong>Dignitas</strong></span> <span class='ocrx_word' id='word_1_129' title='bbox 355 2031 567 2098; x_wconf 87' lang='lat' dir='ltr'><strong>residentium</strong></span> <span class='ocrx_word' id='word_1_130' title='bbox 588 2031 632 2098; x_wconf 95' lang='lat' dir='ltr'><strong>ad</strong></span> <span class='ocrx_word' id='word_1_131' title='bbox 656 2031 858 2098; x_wconf 85' lang='lat' dir='ltr'><strong>scaccarium</strong></span> <span class='ocrx_word' id='word_1_132' title='bbox 880 2031 914 2096; x_wconf 89' lang='lat' dir='ltr'><strong>in</strong></span> <span class='ocrx_word' id='word_1_133' title='bbox 940 2029 1089 2115; x_wconf 89' lang='lat' dir='ltr'><strong>pluribus</strong></span> <span class='ocrx_word' id='word_1_134' title='bbox 1112 2029 1273 2096; x_wconf 89' lang='lat' dir='ltr'><strong>consistit.</strong></span> 
     </span>
     <span class='ocr_line' id='line_1_18' title="bbox 172 2132 1275 2220; baseline -0.001 -19"><span class='ocrx_word' id='word_1_135' title='bbox 172 2135 253 2202; x_wconf 90' lang='lat' dir='ltr'><strong>Siue</strong></span> <span class='ocrx_word' id='word_1_136' title='bbox 279 2135 367 2199; x_wconf 89' lang='lat' dir='ltr'><strong>enim</strong></span> <span class='ocrx_word' id='word_1_137' title='bbox 394 2135 438 2200; x_wconf 91' lang='lat' dir='ltr'><strong>de</strong></span> <span class='ocrx_word' id='word_1_138' title='bbox 463 2135 552 2200; x_wconf 91' lang='lat' dir='ltr'><strong>clero</strong></span> <span class='ocrx_word' id='word_1_139' title='bbox 573 2137 641 2202; x_wconf 90' lang='lat' dir='ltr'><strong>sint</strong></span> <span class='ocrx_word' id='word_1_140' title='bbox 664 2135 734 2200; x_wconf 87' lang='lat' dir='ltr'><strong>siue</strong></span> <span class='ocrx_word' id='word_1_141' title='bbox 757 2135 800 2200; x_wconf 91' lang='lat' dir='ltr'><strong>de</strong></span> <span class='ocrx_word' id='word_1_142' title='bbox 825 2135 911 2220; x_wconf 87' lang='lat' dir='ltr'><strong>regis</strong></span> <span class='ocrx_word' id='word_1_143' title='bbox 932 2135 1022 2201; x_wconf 89' lang='lat' dir='ltr'><strong>curia</strong></span> <span class='ocrx_word' id='word_1_144' title='bbox 1048 2134 1105 2218; x_wconf 94' lang='lat' dir='ltr'><strong>qui</strong></span> <span class='ocrx_word' id='word_1_145' title='bbox 1127 2132 1275 2200; x_wconf 83' lang='lat' dir='ltr'><strong>assident</strong></span> 
     </span>
     <span class='ocr_line' id='line_1_19' title="bbox 172 2237 1275 2324; baseline -0.005 -18"><span class='ocrx_word' id='word_1_146' title='bbox 172 2261 218 2306; x_wconf 83' lang='lat' dir='ltr'><strong>ex</strong></span> <span class='ocrx_word' id='word_1_147' title='bbox 233 2239 401 2318; x_wconf 86' lang='lat' dir='ltr'><strong>mandato,</strong></span> <span class='ocrx_word' id='word_1_148' title='bbox 415 2240 460 2305; x_wconf 87' lang='lat' dir='ltr'><strong>ab</strong></span> <span class='ocrx_word' id='word_1_149' title='bbox 476 2261 515 2304; x_wconf 88' lang='lat' dir='ltr'><strong>ea</strong></span> <span class='ocrx_word' id='word_1_150' title='bbox 533 2240 587 2304; x_wconf 91' lang='lat' dir='ltr'><strong>die</strong></span> <span class='ocrx_word' id='word_1_151' title='bbox 602 2259 669 2324; x_wconf 90' lang='lat' dir='ltr'><strong>qua</strong></span> <span class='ocrx_word' id='word_1_152' title='bbox 683 2241 882 2306; x_wconf 89' lang='lat' dir='ltr'><strong>conueniunt</strong></span> <span class='ocrx_word' id='word_1_153' title='bbox 902 2259 1007 2322; x_wconf 88' lang='lat' dir='ltr'><strong>vsque</strong></span> <span class='ocrx_word' id='word_1_154' title='bbox 1028 2241 1071 2305; x_wconf 92' lang='lat' dir='ltr'><strong>ad</strong></span> <span class='ocrx_word' id='word_1_155' title='bbox 1086 2237 1275 2322; x_wconf 83' lang='lat' dir='ltr'><strong>generalem</strong></span> 
     </span>
     <span class='ocr_line' id='line_1_20' title="bbox 171 2341 1275 2428; baseline -0.001 -19"><span class='ocrx_word' id='word_1_156' title='bbox 171 2343 391 2409; x_wconf 90' lang='lat' dir='ltr'><strong>secessionem</strong></span> <span class='ocrx_word' id='word_1_157' title='bbox 421 2344 464 2408; x_wconf 87' lang='lat' dir='ltr'><strong>ad</strong></span> <span class='ocrx_word' id='word_1_158' title='bbox 491 2343 573 2409; x_wconf 88' lang='lat' dir='ltr'><strong>alias</strong></span> <span class='ocrx_word' id='word_1_159' title='bbox 599 2341 763 2428; x_wconf 87' lang='lat' dir='ltr'><strong>quaslibet</strong></span> <span class='ocrx_word' id='word_1_160' title='bbox 792 2363 908 2410; x_wconf 81' lang='lat' dir='ltr'><strong>causas</strong></span> <span class='ocrx_word' id='word_1_161' title='bbox 933 2344 996 2408; x_wconf 90' lang='lat' dir='ltr'><strong>sub</strong></span> <span class='ocrx_word' id='word_1_162' title='bbox 1021 2343 1275 2427; x_wconf 85' lang='lat' dir='ltr'><strong>quibuscunque</strong></span> 
     </span>
     <span class='ocr_line' id='line_1_21' title="bbox 169 2445 1320 2524; baseline -0.003 -12"><span class='ocrx_word' id='word_1_163' title='bbox 169 2448 334 2513; x_wconf 87' lang='lat' dir='ltr'><strong>iudicibus</strong></span> <span class='ocrx_word' id='word_1_164' title='bbox 356 2465 422 2511; x_wconf 86' lang='lat' dir='ltr'><strong>non</strong></span> <span class='ocrx_word' id='word_1_165' title='bbox 445 2457 632 2524; x_wconf 82' lang='lat' dir='ltr'><strong>euocantur,</strong></span> <span class='ocrx_word' id='word_1_166' title='bbox 655 2457 690 2512; x_wconf 92' lang='lat' dir='ltr'><strong>et</strong></span> <span class='ocrx_word' id='word_1_167' title='bbox 711 2448 741 2514; x_wconf 91' lang='lat' dir='ltr'><strong>si</strong></span> <span class='ocrx_word' id='word_1_168' title='bbox 762 2447 847 2514; x_wconf 88' lang='lat' dir='ltr'><strong>sorte</strong></span> <span class='ocrx_word' id='word_1_169' title='bbox 867 2447 975 2514; x_wconf 87' lang='lat' dir='ltr'><strong>vocati</strong></span> <span class='ocrx_word' id='word_1_170' title='bbox 997 2445 1119 2512; x_wconf 87' lang='lat' dir='ltr'><strong>luerint</strong></span> <span class='ocrx_word' id='word_1_171' title='bbox 1146 2446 1275 2511; x_wconf 91' lang='lat' dir='ltr'><strong>ratione</strong></span> <span class='ocrx_word' id='word_1_172' title='bbox 1289 2465 1320 2504; x_wconf 65' lang='grc' dir='ltr'><strong>ιο</strong></span> 
     </span>
     <span class='ocr_line' id='line_1_22' title="bbox 173 2549 1275 2637; baseline -0.003 -22"><span class='ocrx_word' id='word_1_173' title='bbox 173 2549 307 2637; x_wconf 88' lang='lat' dir='ltr'><strong>publice</strong></span> <span class='ocrx_word' id='word_1_174' title='bbox 322 2550 497 2634; x_wconf 91' lang='lat' dir='ltr'><strong>potestatis</strong></span> <span class='ocrx_word' id='word_1_175' title='bbox 508 2559 721 2618; x_wconf 87' lang='lat' dir='ltr'><strong>excusantur.</strong></span> <span class='ocrx_word' id='word_1_176' title='bbox 766 2551 866 2636; x_wconf 87' lang='lat' dir='ltr'><strong>Quod</strong></span> <span class='ocrx_word' id='word_1_177' title='bbox 882 2552 909 2616; x_wconf 94' lang='lat' dir='ltr'><strong>si</strong></span> <span class='ocrx_word' id='word_1_178' title='bbox 925 2561 1001 2617; x_wconf 89' lang='lat' dir='ltr'><strong>sunt</strong></span> <span class='ocrx_word' id='word_1_179' title='bbox 1016 2559 1143 2617; x_wconf 90' lang='lat' dir='ltr'><strong>actores</strong></span> <span class='ocrx_word' id='word_1_180' title='bbox 1158 2559 1193 2616; x_wconf 92' lang='lat' dir='ltr'><strong>et</strong></span> <span class='ocrx_word' id='word_1_181' title='bbox 1207 2567 1275 2616; x_wconf 89' lang='lat' dir='ltr'><strong>non</strong></span> 
     </span>
     <span class='ocr_line' id='line_1_23' title="bbox 173 2653 1274 2739; baseline -0.001 -19"><span class='ocrx_word' id='word_1_182' title='bbox 173 2655 220 2721; x_wconf 88' lang='lat' dir='ltr'><strong>rei</strong></span> <span class='ocrx_word' id='word_1_183' title='bbox 236 2655 293 2739; x_wconf 92' lang='lat' dir='ltr'><strong>qui</strong></span> <span class='ocrx_word' id='word_1_184' title='bbox 308 2655 456 2721; x_wconf 87' lang='lat' dir='ltr'><strong>assident</strong></span> <span class='ocrx_word' id='word_1_185' title='bbox 475 2664 510 2720; x_wconf 90' lang='lat' dir='ltr'><strong>et</strong></span> <span class='ocrx_word' id='word_1_186' title='bbox 528 2654 610 2720; x_wconf 92' lang='lat' dir='ltr'><strong>alias</strong></span> <span class='ocrx_word' id='word_1_187' title='bbox 624 2657 750 2722; x_wconf 90' lang='lat' dir='ltr'><strong>habent</strong></span> <span class='ocrx_word' id='word_1_188' title='bbox 765 2655 850 2734; x_wconf 76' lang='lat' dir='ltr'><strong>lites,</strong></span> <span class='ocrx_word' id='word_1_189' title='bbox 870 2657 904 2720; x_wconf 90' lang='lat' dir='ltr'><strong>in</strong></span> <span class='ocrx_word' id='word_1_190' title='bbox 920 2676 1035 2721; x_wconf 88' lang='lat' dir='ltr'><strong>eorum</strong></span> <span class='ocrx_word' id='word_1_191' title='bbox 1055 2654 1118 2720; x_wconf 91' lang='lat' dir='ltr'><strong>erit</strong></span> <span class='ocrx_word' id='word_1_192' title='bbox 1137 2653 1274 2719; x_wconf 88' lang='lat' dir='ltr'><strong>arbitrio</strong></span> 
     </span>
     <span class='ocr_line' id='line_1_24' title="bbox 173 2756 1276 2845; baseline -0.005 -19"><span class='ocrx_word' id='word_1_193' title='bbox 173 2757 227 2826; x_wconf 89' lang='lat' dir='ltr'><strong>vel</strong></span> <span class='ocrx_word' id='word_1_194' title='bbox 238 2759 381 2844; x_wconf 88' lang='lat' dir='ltr'><strong>experiri</strong></span> <span class='ocrx_word' id='word_1_195' title='bbox 392 2778 452 2842; x_wconf 90' lang='lat' dir='ltr'><strong>per</strong></span> <span class='ocrx_word' id='word_1_196' title='bbox 462 2769 709 2842; x_wconf 89' lang='lat' dir='ltr'><strong>procuratorem</strong></span> <span class='ocrx_word' id='word_1_197' title='bbox 717 2759 770 2826; x_wconf 91' lang='lat' dir='ltr'><strong>vel</strong></span> <span class='ocrx_word' id='word_1_198' title='bbox 779 2761 905 2845; x_wconf 86' lang='lat' dir='ltr'><strong>absque</strong></span> <span class='ocrx_word' id='word_1_199' title='bbox 914 2759 1005 2825; x_wconf 89' lang='lat' dir='ltr'><strong>omni</strong></span> <span class='ocrx_word' id='word_1_200' title='bbox 1014 2758 1215 2824; x_wconf 90' lang='lat' dir='ltr'><strong>detrimento</strong></span> <span class='ocrx_word' id='word_1_201' title='bbox 1225 2756 1276 2822; x_wconf 90' lang='lat' dir='ltr'><strong>sui</strong></span> 
     </span>
     <span class='ocr_line' id='line_1_25' title="bbox 174 2860 1278 2949; baseline -0.005 -21"><span class='ocrx_word' id='word_1_202' title='bbox 174 2864 252 2928; x_wconf 88' lang='lat' dir='ltr'><strong>iuris</strong></span> <span class='ocrx_word' id='word_1_203' title='bbox 266 2864 356 2927; x_wconf 90' lang='lat' dir='ltr'><strong>diem</strong></span> <span class='ocrx_word' id='word_1_204' title='bbox 371 2883 560 2949; x_wconf 87' lang='lat' dir='ltr'><strong>prorogare.</strong></span> <span class='ocrx_word' id='word_1_205' title='bbox 604 2861 642 2930; x_wconf 89' lang='lat' dir='ltr'><strong>Si</strong></span> <span class='ocrx_word' id='word_1_206' title='bbox 664 2883 744 2930; x_wconf 90' lang='lat' dir='ltr'><strong>vero</strong></span> <span class='ocrx_word' id='word_1_207' title='bbox 761 2863 864 2930; x_wconf 86' lang='lat' dir='ltr'><strong>iudex</strong></span> <span class='ocrx_word' id='word_1_208' title='bbox 881 2863 944 2928; x_wconf 90' lang='lat' dir='ltr'><strong>sub</strong></span> <span class='ocrx_word' id='word_1_209' title='bbox 964 2882 1032 2947; x_wconf 93' lang='lat' dir='ltr'><strong>quo</strong></span> <span class='ocrx_word' id='word_1_210' title='bbox 1051 2861 1193 2944; x_wconf 85' lang='lat' dir='ltr'><strong>litigant,</strong></span> <span class='ocrx_word' id='word_1_211' title='bbox 1206 2860 1278 2924; x_wconf 87' lang='lat' dir='ltr'><strong>siue</strong></span> 
     </span>
     <span class='ocr_line' id='line_1_26' title="bbox 176 2964 1320 3052; baseline -0.005 -18"><span class='ocrx_word' id='word_1_212' title='bbox 176 2969 223 3034; x_wconf 87' lang='lat' dir='ltr'><strong>sit</strong></span> <span class='ocrx_word' id='word_1_213' title='bbox 240 2966 483 3034; x_wconf 87' lang='lat' dir='ltr'><strong>ecclesiasticus</strong></span> <span class='ocrx_word' id='word_1_214' title='bbox 504 2967 576 3033; x_wconf 90' lang='lat' dir='ltr'><strong>siue</strong></span> <span class='ocrx_word' id='word_1_215' title='bbox 597 2967 743 3042; x_wconf 85' lang='lat' dir='ltr'><strong>sorensis,</strong></span> <span class='ocrx_word' id='word_1_216' title='bbox 758 2966 842 3052; x_wconf 88' lang='lat' dir='ltr'><strong>legis</strong></span> <span class='ocrx_word' id='word_1_217' title='bbox 863 2965 960 3032; x_wconf 92' lang='lat' dir='ltr'><strong>huius</strong></span> <span class='ocrx_word' id='word_1_218' title='bbox 981 2965 1123 3049; x_wconf 88' lang='lat' dir='ltr'><strong>ignarus,</strong></span> <span class='ocrx_word' id='word_1_219' title='bbox 1142 2964 1187 3030; x_wconf 94' lang='lat' dir='ltr'><strong>ab</strong></span> <span class='ocrx_word' id='word_1_220' title='bbox 1209 2964 1275 3027; x_wconf 86' lang='lat' dir='ltr'><strong>iam</strong></span> <span class='ocrx_word' id='word_1_221' title='bbox 1290 2991 1320 3043; x_wconf 78' lang='lat'><strong>²⁵</strong></span> 
     </span>
     <span class='ocr_line' id='line_1_27' title="bbox 174 3066 1310 3153; baseline -0.004 -15"><span class='ocrx_word' id='word_1_222' title='bbox 174 3073 266 3139; x_wconf 85' lang='lat' dir='ltr'><strong>dicta</strong></span> <span class='ocrx_word' id='word_1_223' title='bbox 290 3071 345 3138; x_wconf 88' lang='lat' dir='ltr'><strong>die</strong></span> <span class='ocrx_word' id='word_1_224' title='bbox 367 3072 614 3138; x_wconf 87' lang='lat' dir='ltr'><strong>conuocationis</strong></span> <span class='ocrx_word' id='word_1_225' title='bbox 635 3073 680 3137; x_wconf 89' lang='lat' dir='ltr'><strong>ad</strong></span> <span class='ocrx_word' id='word_1_226' title='bbox 702 3071 902 3137; x_wconf 86' lang='lat' dir='ltr'><strong>scaccarium</strong></span> <span class='ocrx_word' id='word_1_227' title='bbox 924 3069 1073 3135; x_wconf 86' lang='lat' dir='ltr'><strong>citauerit</strong></span> <span class='ocrx_word' id='word_1_228' title='bbox 1092 3066 1310 3153; x_wconf 86' lang='lat' dir='ltr'><strong>quemlibetB</strong></span> 
     </span>
     <span class='ocr_line' id='line_1_28' title="bbox 175 3169 1277 3259; baseline -0.006 -16"><span class='ocrx_word' id='word_1_229' title='bbox 175 3196 302 3254; x_wconf 82' lang='lat' dir='ltr'><strong>comm,</strong></span> <span class='ocrx_word' id='word_1_230' title='bbox 315 3184 350 3240; x_wconf 93' lang='lat' dir='ltr'><strong>et</strong></span> <span class='ocrx_word' id='word_1_231' title='bbox 362 3176 535 3242; x_wconf 84' lang='lat' dir='ltr'><strong>absentem</strong></span> <span class='ocrx_word' id='word_1_232' title='bbox 547 3174 631 3242; x_wconf 86' lang='lat' dir='ltr'><strong>sorte</strong></span> <span class='ocrx_word' id='word_1_233' title='bbox 646 3195 706 3259; x_wconf 91' lang='lat' dir='ltr'><strong>per</strong></span> <span class='ocrx_word' id='word_1_234' title='bbox 717 3174 917 3241; x_wconf 89' lang='lat' dir='ltr'><strong>sententiam</strong></span> <span class='ocrx_word' id='word_1_235' title='bbox 931 3172 1139 3257; x_wconf 83' lang='lat' dir='ltr'><strong>possessione</strong></span> <span class='ocrx_word' id='word_1_236' title='bbox 1149 3191 1209 3236; x_wconf 90' lang='lat' dir='ltr'><strong>sua</strong></span> <span class='ocrx_word' id='word_1_237' title='bbox 1223 3169 1277 3236; x_wconf 89' lang='lat' dir='ltr'><strong>vel</strong></span> 
     </span>
     <span class='ocr_line' id='line_1_29' title="bbox 174 3276 1277 3366; baseline -0.005 -21"><span class='ocrx_word' id='word_1_238' title='bbox 174 3280 294 3366; x_wconf 88' lang='lat' dir='ltr'><strong>quouis</strong></span> <span class='ocrx_word' id='word_1_239' title='bbox 315 3279 386 3344; x_wconf 91' lang='lat' dir='ltr'><strong>iure</strong></span> <span class='ocrx_word' id='word_1_240' title='bbox 405 3279 603 3363; x_wconf 85' lang='lat' dir='ltr'><strong>spoliauerit,</strong></span> <span class='ocrx_word' id='word_1_241' title='bbox 618 3279 815 3345; x_wconf 89' lang='lat' dir='ltr'><strong>auctoritate</strong></span> <span class='ocrx_word' id='word_1_242' title='bbox 834 3277 992 3362; x_wconf 88' lang='lat' dir='ltr'><strong>principis</strong></span> <span class='ocrx_word' id='word_1_243' title='bbox 1013 3286 1047 3342; x_wconf 92' lang='lat' dir='ltr'><strong>et</strong></span> <span class='ocrx_word' id='word_1_244' title='bbox 1066 3276 1195 3341; x_wconf 88' lang='lat' dir='ltr'><strong>ratione</strong></span> <span class='ocrx_word' id='word_1_245' title='bbox 1209 3293 1277 3340; x_wconf 89' lang='lat' dir='ltr'><strong>ses·</strong></span> 
     </span>
     <span class='ocr_line' id='line_1_30' title="bbox 173 3380 1278 3466; baseline -0.004 -16"><span class='ocrx_word' id='word_1_246' title='bbox 173 3384 276 3450; x_wconf 87' lang='lat' dir='ltr'><strong>sionis</strong></span> <span class='ocrx_word' id='word_1_247' title='bbox 292 3385 503 3450; x_wconf 91' lang='lat' dir='ltr'><strong>reuocabitur</strong></span> <span class='ocrx_word' id='word_1_248' title='bbox 523 3383 557 3450; x_wconf 91' lang='lat' dir='ltr'><strong>in</strong></span> <span class='ocrx_word' id='word_1_249' title='bbox 579 3403 655 3449; x_wconf 92' lang='lat' dir='ltr'><strong>eum</strong></span> <span class='ocrx_word' id='word_1_250' title='bbox 675 3393 802 3453; x_wconf 84' lang='lat' dir='ltr'><strong>statum</strong></span> <span class='ocrx_word' id='word_1_251' title='bbox 823 3402 924 3448; x_wconf 88' lang='lat' dir='ltr'><strong>causa</strong></span> <span class='ocrx_word' id='word_1_252' title='bbox 942 3381 1045 3466; x_wconf 89' lang='lat' dir='ltr'><strong>ipsius</strong></span> <span class='ocrx_word' id='word_1_253' title='bbox 1066 3380 1101 3444; x_wconf 91' lang='lat' dir='ltr'><strong>in</strong></span> <span class='ocrx_word' id='word_1_254' title='bbox 1120 3400 1188 3465; x_wconf 91' lang='lat' dir='ltr'><strong>quo</strong></span> <span class='ocrx_word' id='word_1_255' title='bbox 1205 3387 1278 3446; x_wconf 85' lang='lat' dir='ltr'><strong>erat</strong></span> 
     </span>
     <span class='ocr_line' id='line_1_31' title="bbox 174 3483 1322 3572; baseline -0.003 -17"><span class='ocrx_word' id='word_1_256' title='bbox 174 3497 254 3555; x_wconf 90' lang='lat' dir='ltr'><strong>ante</strong></span> <span class='ocrx_word' id='word_1_257' title='bbox 265 3487 466 3555; x_wconf 87' lang='lat' dir='ltr'><strong>citationem.</strong></span> <span class='ocrx_word' id='word_1_258' title='bbox 511 3485 572 3554; x_wconf 86' lang='lat' dir='ltr'><strong>Set</strong></span> <span class='ocrx_word' id='word_1_259' title='bbox 588 3486 691 3554; x_wconf 83' lang='lat' dir='ltr'><strong>iudex</strong></span> <span class='ocrx_word' id='word_1_260' title='bbox 701 3495 838 3572; x_wconf 89' lang='lat' dir='ltr'><strong>propter</strong></span> <span class='ocrx_word' id='word_1_261' title='bbox 852 3485 917 3550; x_wconf 92' lang='lat' dir='ltr'><strong>hoc</strong></span> <span class='ocrx_word' id='word_1_262' title='bbox 928 3485 1035 3570; x_wconf 90' lang='lat' dir='ltr'><strong>puniri</strong></span> <span class='ocrx_word' id='word_1_263' title='bbox 1050 3505 1118 3550; x_wconf 88' lang='lat' dir='ltr'><strong>non</strong></span> <span class='ocrx_word' id='word_1_264' title='bbox 1134 3483 1254 3550; x_wconf 90' lang='lat' dir='ltr'><strong>meruit</strong></span> <span class='ocrx_word' id='word_1_265' title='bbox 1268 3502 1277 3563; x_wconf 82' lang='lat'>3</span> <span class='ocrx_word' id='word_1_266' title='bbox 1290 3514 1322 3566; x_wconf 74' lang='lat'><strong>30</strong></span> 
     </span>
     <span class='ocr_line' id='line_1_32' title="bbox 174 3589 1277 3678; baseline -0.005 -19"><span class='ocrx_word' id='word_1_267' title='bbox 174 3593 266 3678; x_wconf 90' lang='lat' dir='ltr'><strong>quod</strong></span> <span class='ocrx_word' id='word_1_268' title='bbox 292 3591 382 3656; x_wconf 91' lang='lat' dir='ltr'><strong>enim</strong></span> <span class='ocrx_word' id='word_1_269' title='bbox 409 3592 460 3657; x_wconf 90' lang='lat' dir='ltr'><strong>sui</strong></span> <span class='ocrx_word' id='word_1_270' title='bbox 486 3591 585 3662; x_wconf 88' lang='lat' dir='ltr'><strong>officii</strong></span> <span class='ocrx_word' id='word_1_271' title='bbox 609 3599 661 3658; x_wconf 84' lang='lat' dir='ltr'><strong>est</strong></span> <span class='ocrx_word' id='word_1_272' title='bbox 687 3600 849 3660; x_wconf 84' lang='lat' dir='ltr'><strong>executus</strong></span> <span class='ocrx_word' id='word_1_273' title='bbox 871 3600 931 3666; x_wconf 89' lang='lat' dir='ltr'><strong>est,</strong></span> <span class='ocrx_word' id='word_1_274' title='bbox 957 3589 1033 3654; x_wconf 91' lang='lat' dir='ltr'><strong>licet</strong></span> <span class='ocrx_word' id='word_1_275' title='bbox 1055 3609 1117 3674; x_wconf 90' lang='lat' dir='ltr'><strong>pro</strong></span> <span class='ocrx_word' id='word_1_276' title='bbox 1142 3589 1277 3673; x_wconf 91' lang='lat' dir='ltr'><strong>publica</strong></span> 
     </span>
     <span class='ocr_line' id='line_1_33' title="bbox 173 3692 1278 3783; baseline -0.002 -21"><span class='ocrx_word' id='word_1_277' title='bbox 173 3704 342 3783; x_wconf 91' lang='lat' dir='ltr'><strong>potestate</strong></span> <span class='ocrx_word' id='word_1_278' title='bbox 367 3715 435 3761; x_wconf 89' lang='lat' dir='ltr'><strong>non</strong></span> <span class='ocrx_word' id='word_1_279' title='bbox 458 3705 683 3778; x_wconf 86' lang='lat' dir='ltr'><strong>consequatur</strong></span> <span class='ocrx_word' id='word_1_280' title='bbox 704 3693 870 3762; x_wconf 82' lang='lat' dir='ltr'><strong>effectum.</strong></span> <span class='ocrx_word' id='word_1_281' title='bbox 915 3693 1018 3778; x_wconf 85' lang='lat' dir='ltr'><strong>Quod</strong></span> <span class='ocrx_word' id='word_1_282' title='bbox 1038 3693 1066 3758; x_wconf 89' lang='lat' dir='ltr'><strong>si</strong></span> <span class='ocrx_word' id='word_1_283' title='bbox 1087 3693 1134 3758; x_wconf 90' lang='lat' dir='ltr'><strong>sic</strong></span> <span class='ocrx_word' id='word_1_284' title='bbox 1155 3692 1278 3760; x_wconf 85' lang='lat' dir='ltr'><strong>citatus</strong></span> 
     </span>
     <span class='ocr_line' id='line_1_34' title="bbox 173 3797 1276 3883; baseline -0.005 -16"><span class='ocrx_word' id='word_1_285' title='bbox 173 3801 275 3868; x_wconf 83' lang='lat' dir='ltr'><strong>suerit</strong></span> <span class='ocrx_word' id='word_1_286' title='bbox 288 3809 326 3865; x_wconf 88' lang='lat' dir='ltr'><strong>vt</strong></span> <span class='ocrx_word' id='word_1_287' title='bbox 335 3797 445 3865; x_wconf 81' lang='lat' dir='ltr'><strong>fatalis</strong></span> <span class='ocrx_word' id='word_1_288' title='bbox 453 3799 536 3879; x_wconf 89' lang='lat' dir='ltr'><strong>dies,</strong></span> <span class='ocrx_word' id='word_1_289' title='bbox 549 3797 624 3883; x_wconf 89' lang='lat' dir='ltr'><strong>lege</strong></span> <span class='ocrx_word' id='word_1_290' title='bbox 635 3798 884 3877; x_wconf 88' lang='lat' dir='ltr'><strong>determinatus,</strong></span> <span class='ocrx_word' id='word_1_291' title='bbox 894 3799 957 3864; x_wconf 90' lang='lat' dir='ltr'><strong>sibi</strong></span> <span class='ocrx_word' id='word_1_292' title='bbox 969 3797 1178 3876; x_wconf 89' lang='lat' dir='ltr'><strong>constitutus,</strong></span> <span class='ocrx_word' id='word_1_293' title='bbox 1188 3797 1276 3862; x_wconf 89' lang='lat' dir='ltr'><strong>diem</strong></span> 
     </span>
     <span class='ocr_line' id='line_1_35' title="bbox 172 3900 1278 3988; baseline -0.006 -16"><span class='ocrx_word' id='word_1_294' title='bbox 172 3903 423 3972; x_wconf 90' lang='lat' dir='ltr'><strong>conuocationis</strong></span> <span class='ocrx_word' id='word_1_295' title='bbox 445 3903 488 3969; x_wconf 85' lang='lat' dir='ltr'><strong>ad</strong></span> <span class='ocrx_word' id='word_1_296' title='bbox 510 3903 709 3968; x_wconf 88' lang='lat' dir='ltr'><strong>scaccarium</strong></span> <span class='ocrx_word' id='word_1_297' title='bbox 730 3901 912 3988; x_wconf 87' lang='lat' dir='ltr'><strong>preueniat,</strong></span> <span class='ocrx_word' id='word_1_298' title='bbox 926 3921 994 3967; x_wconf 87' lang='lat' dir='ltr'><strong>non</strong></span> <span class='ocrx_word' id='word_1_299' title='bbox 1013 3900 1135 3986; x_wconf 90' lang='lat' dir='ltr'><strong>poterit</strong></span> <span class='ocrx_word' id='word_1_300' title='bbox 1158 3920 1194 3966; x_wconf 88' lang='lat' dir='ltr'><strong>se</strong></span> <span class='ocrx_word' id='word_1_301' title='bbox 1215 3920 1278 3984; x_wconf 88' lang='lat' dir='ltr'><strong>per</strong></span> 
     </span>
     <span class='ocr_line' id='line_1_36' title="bbox 173 4002 1322 4088; baseline -0.006 -13"><span class='ocrx_word' id='word_1_302' title='bbox 173 4009 258 4075; x_wconf 92' lang='lat' dir='ltr'><strong>illud</strong></span> <span class='ocrx_word' id='word_1_303' title='bbox 281 4026 450 4086; x_wconf 87' lang='lat' dir='ltr'><strong>excusare,</strong></span> <span class='ocrx_word' id='word_1_304' title='bbox 471 4006 524 4071; x_wconf 87' lang='lat' dir='ltr'><strong>vel</strong></span> <span class='ocrx_word' id='word_1_305' title='bbox 546 4006 665 4073; x_wconf 92' lang='lat' dir='ltr'><strong>iudicis</strong></span> <span class='ocrx_word' id='word_1_306' title='bbox 691 4007 890 4073; x_wconf 88' lang='lat' dir='ltr'><strong>sententiam</strong></span> <span class='ocrx_word' id='word_1_307' title='bbox 915 4003 1087 4082; x_wconf 87' lang='lat' dir='ltr'><strong>declinare,</strong></span> <span class='ocrx_word' id='word_1_308' title='bbox 1108 4002 1161 4070; x_wconf 89' lang='lat' dir='ltr'><strong>vel</strong></span> <span class='ocrx_word' id='word_1_309' title='bbox 1184 4004 1218 4069; x_wconf 93' lang='lat' dir='ltr'><strong>in</strong></span> <span class='ocrx_word' id='word_1_310' title='bbox 1241 4023 1277 4069; x_wconf 91' lang='lat' dir='ltr'><strong>se</strong></span> <span class='ocrx_word' id='word_1_311' title='bbox 1291 4035 1322 4088; x_wconf 78' lang='lat'><strong>³5</strong></span> 
     </span>
    </p>
   </div>
   <div class='ocr_carea' id='block_1_3' title="bbox 1285 652 1346 782">
    <p class='ocr_par' dir='ltr' id='par_1_6' title="bbox 1285 652 1346 782">
     <span class='ocr_line' id='line_1_37' title="bbox 1285 652 1346 712; baseline 0.033 -2"><span class='ocrx_word' id='word_1_312' title='bbox 1285 652 1346 712; x_wconf 84' lang='lat' dir='ltr'><strong>vlil</strong></span> 
     </span>
     <span class='ocr_line' id='line_1_38' title="bbox 1286 734 1311 782; baseline 0 0"><span class='ocrx_word' id='word_1_313' title='bbox 1286 734 1311 782; x_wconf 81' lang='lat' dir='ltr'>A</span> 
     </span>
    </p>
   </div>
   <div class='ocr_carea' id='block_1_4' title="bbox 210 4139 1278 4216">
    <p class='ocr_par' dir='ltr' id='par_1_7' title="bbox 210 4139 1278 4216">
     <span class='ocr_line' id='line_1_39' title="bbox 210 4139 1278 4216; baseline -0.001 -18"><span class='ocrx_word' id='word_1_314' title='bbox 210 4154 275 4216; x_wconf 82' lang='lat' dir='ltr'><strong>3vt</strong></span> <span class='ocrx_word' id='word_1_315' title='bbox 287 4161 342 4199; x_wconf 82' lang='lat' dir='ltr'><strong>om.</strong></span> <span class='ocrx_word' id='word_1_316' title='bbox 354 4143 414 4200; x_wconf 89' lang='lat' dir='ltr'><strong>NR</strong></span> <span class='ocrx_word' id='word_1_317' title='bbox 516 4143 673 4200; x_wconf 79' lang='lat' dir='ltr'><strong>drebusC</strong></span> <span class='ocrx_word' id='word_1_318' title='bbox 782 4141 967 4202; x_wconf 83' lang='lat' dir='ltr'><strong>coniectisN</strong></span> <span class='ocrx_word' id='word_1_319' title='bbox 1062 4139 1138 4213; x_wconf 90' lang='lat' dir='ltr'><strong>9et]</strong></span> <span class='ocrx_word' id='word_1_320' title='bbox 1151 4141 1278 4198; x_wconf 88' lang='lat' dir='ltr'><strong>etiamR</strong></span> 
     </span>
    </p>
   </div>
   <div class='ocr_carea' id='block_1_5' title="bbox 82 4214 1276 4286">
    <p class='ocr_par' dir='ltr' id='par_1_8' title="bbox 82 4214 1276 4286">
     <span class='ocr_line' id='line_1_40' title="bbox 82 4214 1276 4286; baseline -0.003 -14"><span class='ocrx_word' id='word_1_321' title='bbox 82 4265 88 4278; x_wconf 85' lang='lat'><strong>,</strong></span> <span class='ocrx_word' id='word_1_322' title='bbox 175 4230 209 4285; x_wconf 85' lang='lat'><strong>13</strong></span> <span class='ocrx_word' id='word_1_323' title='bbox 229 4215 422 4286; x_wconf 87' lang='lat' dir='ltr'><strong>reppereritR</strong></span> <span class='ocrx_word' id='word_1_324' title='bbox 523 4228 556 4284; x_wconf 80' lang='lat'><strong>²3</strong></span> <span class='ocrx_word' id='word_1_325' title='bbox 575 4231 626 4286; x_wconf 88' lang='lat' dir='ltr'><strong>per</strong></span> <span class='ocrx_word' id='word_1_326' title='bbox 642 4231 695 4270; x_wconf 87' lang='lat' dir='ltr'><strong>om.</strong></span> <span class='ocrx_word' id='word_1_327' title='bbox 706 4214 757 4270; x_wconf 85' lang='lat' dir='ltr'><strong>CR</strong></span> <span class='ocrx_word' id='word_1_328' title='bbox 850 4228 886 4282; x_wconf 80' lang='lat'><strong>24</strong></span> <span class='ocrx_word' id='word_1_329' title='bbox 902 4229 1053 4286; x_wconf 84' lang='lat' dir='ltr'><strong>prorogare</strong></span> <span class='ocrx_word' id='word_1_330' title='bbox 1064 4215 1193 4269; x_wconf 82' lang='lat' dir='ltr'><strong>Madox:</strong></span> <span class='ocrx_word' id='word_1_331' title='bbox 1213 4229 1276 4284; x_wconf 86' lang='lat' dir='ltr'><strong>pre-</strong></span> 
     </span>
    </p>
   </div>
   <div class='ocr_carea' id='block_1_6' title="bbox 172 4283 1277 4428">
    <p class='ocr_par' dir='ltr' id='par_1_9' title="bbox 172 4283 1277 4428">
     <span class='ocr_line' id='line_1_41' title="bbox 173 4283 1277 4357; baseline -0.003 -14"><span class='ocrx_word' id='word_1_332' title='bbox 173 4303 273 4356; x_wconf 85' lang='lat' dir='ltr'><strong>rogare</strong></span> <span class='ocrx_word' id='word_1_333' title='bbox 287 4287 370 4342; x_wconf 85' lang='lat' dir='ltr'><strong>CNR</strong></span> <span class='ocrx_word' id='word_1_334' title='bbox 457 4301 607 4357; x_wconf 79' lang='lat' dir='ltr'><strong>prerogare</strong></span> <span class='ocrx_word' id='word_1_335' title='bbox 619 4285 733 4344; x_wconf 88' lang='lat' dir='ltr'><strong>diemC</strong></span> <span class='ocrx_word' id='word_1_336' title='bbox 808 4297 842 4356; x_wconf 86' lang='lat'><strong>27</strong></span> <span class='ocrx_word' id='word_1_337' title='bbox 860 4283 1009 4342; x_wconf 86' lang='lat' dir='ltr'><strong>illorumC</strong></span> <span class='ocrx_word' id='word_1_338' title='bbox 1084 4299 1116 4357; x_wconf 85' lang='lat'><strong>31</strong></span> <span class='ocrx_word' id='word_1_339' title='bbox 1131 4285 1277 4357; x_wconf 73' lang='lat' dir='ltr'><strong>posten&#39;us</strong></span> 
     </span>
     <span class='ocr_line' id='line_1_42' title="bbox 172 4357 646 4428; baseline -0.006 -13"><span class='ocrx_word' id='word_1_340' title='bbox 172 4369 217 4416; x_wconf 87' lang='lat' dir='ltr'><strong>est</strong></span> <span class='ocrx_word' id='word_1_341' title='bbox 229 4357 333 4414; x_wconf 61' lang='grc' dir='ltr'><strong>ΜΝ</strong></span> <span class='ocrx_word' id='word_1_342' title='bbox 411 4369 444 4428; x_wconf 78' lang='lat'><strong>35</strong></span> <span class='ocrx_word' id='word_1_343' title='bbox 464 4357 646 4415; x_wconf 78' lang='lat' dir='ltr'><strong>declarareR</strong></span> 
     </span>
    </p>
   </div>
   <div class='ocr_carea' id='block_1_7' title="bbox 0 0 1620 4868">
    <p class='ocr_par' dir='ltr' id='par_1_10' title="bbox 0 0 1620 4868">
     <span class='ocr_line' id='line_1_43' title="bbox 0 0 1620 4868; baseline 0 0"><span class='ocrx_word' id='word_1_344' title='bbox 0 0 1620 4868; x_wconf 95' lang='lat' dir='ltr'><strong> </strong></span> 
     </span>
    </p>
   </div>
  </div>
 </body>
</html>
