3228 4868
331 254 373 320 80
698 253 764 319 ne
787 251 1060 320 scnccnmo
1327 247 1357 341 [1
1373 263 1430 318 vs

330 446 443 512 regum
466 423 688 492 munificentia
709 424 851 492 contulit
872 425 1027 505 ecclesiis,
1040 423 1093 491 vel
1112 423 1175 490 hiis
1195 424 1252 509 qui
1273 423 1321 490 eis
1343 423 1429 489 mili·

328 539 449 608 tarunt,
465 531 618 596 infundis
638 530 705 595 suis
722 549 789 614 que
806 549 928 596 corone
946 530 1213 610 annominantur,
1226 528 1429 614 quibusdam

329 632 447 698 blanca
462 632 659 717 quibusdam
675 652 821 698 numero.

371 736 567 820 Dircrpulus.
613 736 730 802 Mouet
750 755 804 800 me
824 737 914 820 quod
936 735 1017 802 dicis
1033 737 1198 820 quosdam
1219 735 1339 801 fundos
1356 733 1430 801 dari

301 839 466 914 sblancos
480 839 643 923 quosdam
657 860 803 906 numero.
1275 905 1279 914 ,

373 943 548 1026 Magister.
593 943 834 1027 Prosequamur
854 943 897 1008 ad
915 963 1050 1029 presens
1069 943 1113 1010 de
1133 941 1301 1029 scriptoris
1319 939 1430 1008 officio

330 1057 364 1112 et
394 1046 428 1112 in
455 1045 593 1129 agendis
622 1047 825 1112 vicecomitis
857 1067 956 1130 super
984 1047 1048 1112 hoc
1078 1047 1106 1112 si
1137 1046 1219 1112 libet
1252 1047 1430 1130 interroga.

331 1151 410 1216 Post
432 1161 536 1216 terras
555 1151 661 1226 datas,
678 1148 767 1216 lacto
781 1151 956 1216 interuallo
973 1153 1069 1216 unius
1090 1149 1186 1228 linee,
1203 1159 1239 1215 vt
1254 1149 1431 1214 videantur

292 1257 430 1320 Tetiam
454 1255 527 1338 ipsa
549 1255 600 1320 sui
624 1255 753 1320 ratione
778 1256 935 1335 seiuncta,
958 1265 1160 1320 annotantur
1183 1275 1224 1318 ea
1249 1273 1315 1337 que
1340 1253 1430 1318 iussa

286 1381 317 1419 10
329 1368 405 1424 sunt
425 1360 467 1424 de
487 1359 582 1423 firma
602 1360 748 1444 expendi
767 1379 826 1444 per
840 1359 954 1425 breuia
970 1361 1065 1442 regis,
1080 1359 1157 1442 quia
1172 1359 1234 1422 hec
1248 1358 1430 1423 constituta

242 1469 244 1472 ’
329 1483 396 1528 non
420 1471 497 1528 sunt
521 1473 572 1528 set
593 1462 745 1529 casualia.
790 1463 944 1546 Quedam
966 1463 1068 1528 etiarn
1091 1482 1157 1546 que
1177 1461 1248 1526 sine
1268 1460 1429 1527 breuibus

328 1576 565 1652 computantur
582 1587 642 1650 per
663 1567 933 1633 consuetudinem
954 1565 1116 1642 scaccarii,
1139 1565 1183 1630 de
1204 1565 1324 1648 quibus
1346 1563 1430 1630 infra

329 1671 476 1748 dicetur;
505 1679 538 1734 et
557 1671 604 1735 sic
622 1671 818 1736 terminatur
837 1679 1012 1756 compotus
1030 1668 1074 1734 de
1088 1689 1227 1751 corpore
1241 1667 1428 1734 comitatus.

330 1775 410 1840 Post
438 1773 499 1839 hec
530 1772 617 1839 lacto
647 1773 820 1838 interuallo
849 1772 944 1857 quasi
973 1773 1015 1838 vi.
1043 1773 1096 1837 vel
1121 1772 1174 1837 vii.
1201 1772 1361 1838 linearum
1390 1769 1429 1836 fit

285 1903 315 1956 ις
329 1887 506 1960 compotus
525 1877 568 1942 de
590 1878 809 1962 purpresturis
823 1885 858 1942 et
872 1876 1010 1944 escaetis
1031 1876 1094 1941 sub
1115 1875 1168 1940 his
1186 1876 1296 1941 verbis
1312 1875 1428 1941 ‘Idem

329 1981 513 2046 vicecomes
538 1981 647 2046 reddit
673 1991 867 2064 compotum
892 1982 936 2046 de
961 1980 1057 2045 firma
1082 1989 1368 2063 purpresturarum
1395 1989 1430 2044 et

330 2082 556 2150 escaetarum.¹
575 2081 580 2091 '
600 2083 661 2150 Set
683 2093 717 2149 et
739 2087 783 2150 de
804 2083 958 2150 omnibus
976 2085 1079 2150 firmis
1095 2083 1316 2149 maneriorum
1334 2093 1368 2148 et
1386 2083 1430 2149 de

330 2207 428 2254 censu
449 2207 622 2252 nemorum
641 2208 707 2273 que
725 2189 896 2254 annuatim
916 2188 1079 2255 debentur
1097 2199 1133 2255 et
1152 2188 1335 2264 soluuntur,
1353 2197 1430 2270 post
1601 2167 1602 2252 ἶ

330 2292 391 2356 hec
416 2313 477 2357 suo
501 2291 617 2357 ordine
642 2293 790 2376 compoti
820 2292 1024 2359 collocantur
1048 2293 1199 2376 exceptis
1229 2291 1429 2376 quibusdam

286 2423 317 2460 20
330 2394 519 2460 ciuitatibus
534 2404 568 2459 et
582 2393 667 2460 villis
682 2405 715 2460 et
731 2395 851 2462 bailliis
866 2417 1004 2480 quarum
1021 2397 1161 2462 maiores
1180 2396 1329 2479 compoti
1343 2403 1430 2474 sunt,

330 2499 409 2582 quia
423 2499 621 2566 constitutas
635 2499 760 2564 habent
774 2499 970 2565 elemosinas
984 2499 1036 2566 vel
1052 2499 1262 2566 liberationes
1276 2509 1310 2564 et
1324 2507 1431 2563 terrae

331 2601 427 2666 datas
456 2611 491 2666 et
519 2603 563 2666 ad
593 2603 748 2669 custodes
777 2622 889 2668 earum
920 2603 1054 2687 proprie
1082 2604 1354 2669 summonitiones
1386 2603 1430 2667 de
1601 2629 1602 2648 ¹

330 2705 452 2771 debitis
472 2707 558 2791 regis
576 2706 770 2790 diriguntur.
816 2706 871 2771 De
886 2705 949 2770 hiis
963 2715 1075 2772 autem
1091 2709 1238 2791 compoti
1254 2707 1338 2772 fiunt
1352 2715 1430 2790 post
1601 2703 1602 2730 l

330 2820 595 2876 consummatum
613 2813 750 2877 omnino
764 2820 959 2896 compotum
975 2811 1018 2876 de
1032 2813 1245 2878 comitatibus
1260 2813 1294 2875 in
1310 2810 1431 2893 quibus

287 2937 317 2987 25
330 2923 408 2981 sunt
420 2935 429 2994 ;
458 2915 569 2998 qualia
590 2925 669 2981 sunt
691 2915 873 2992 Lincolnia,
890 2911 1071 2992 wintonia,
1093 2915 1229 2995 Mienes,
1252 2913 1431 2978 Bercham·

331 3018 434 3097 stede,
450 3016 662 3096 Colecestria‚
677 3018 837 3103 pluraque
851 3017 927 3082 alia.

374 3121 569 3205 Discipulus.
615 3123 719 3188 Miror
744 3122 869 3186 dixisse
893 3130 928 3186 te
952 3119 1117 3204 quosdam
1141 3119 1286 3187 redditus
1308 3121 1431 3186 consti·
1601 3181 1602 3188 ,

330 3234 422 3292 tutos
438 3226 504 3291 dici
519 3225 631 3290 firmas
645 3225 808 3308 quosdam
824 3245 903 3289 vero
917 3243 1044 3289 census.
1601 3239 1602 3246 ¹

345 3321 351 3336 ⁸
374 3329 549 3412 Magister.
596 3329 706 3393 Firme
721 3330 942 3394 maneriorum
958 3337 1043 3404 sunt,
1059 3347 1175 3392 census
1190 3337 1301 3392 autem
1316 3347 1432 3392 nemo·

286 3461 319 3511 30
331 3451 403 3497 rum
419 3441 560 3498 tantum.
607 3430 681 3515 Que
702 3433 793 3496 enim
815 3453 860 3496 ex
883 3431 1034 3497 maneriis
1055 3431 1261 3514 proueniunt,
1276 3431 1354 3512 quia
1371 3451 1433 3516 per

294 3535 567 3620 Uagriculturam
579 3534 729 3618 quolibet
744 3554 831 3600 anno
847 3542 1048 3600 renouantur
1062 3543 1096 3598 et
1112 3535 1259 3611 redeunt,
1272 3545 1306 3600 et
1321 3543 1431 3616 preter

331 3640 392 3706 hec
418 3641 452 3704 in
475 3639 555 3724 ipsis
579 3639 658 3704 certi
682 3647 761 3704 sunt
786 3639 959 3705 constituti
984 3638 1132 3704 redditus
1158 3637 1431 3704 consuetudinum

332 3745 402 3809 iure
427 3753 600 3828 perpetuo,
626 3745 746 3809 merito
775 3742 871 3808 firma
900 3753 934 3808 et
963 3741 1185 3808 immutabilia
1210 3743 1431 3806 nominantur.

333 3847 408 3932 Que
417 3869 497 3914 vero
512 3869 556 3913 ex
571 3849 762 3914 nemoribus
773 3867 839 3931 que
850 3847 1000 3932 quotidie
1015 3846 1227 3912 succiduntur
1242 3855 1277 3911 et
1291 3853 1433 3930 pereunt

288 3980 319 4032 35
333 3971 443 4016 annua
464 3951 538 4039 lege
561 3953 731 4029 debentur,
753 3971 893 4034 quorum
916 3970 983 4016 non
1003 3960 1056 4016 est
1076 3959 1146 4014 tam
1169 3947 1284 4015 firmus
1306 3948 1360 4014 vel
1384 3949 1433 4014 in·

368 4135 649 4207 6ProsequaminiC
692 4133 901 4206 9etiam]etC
944 4147 976 4204 17
989 4135 1161 4192 escaetaM
1197 4137 1285 4208 prius
1296 4145 1324 4192 et
1341 4136 1436 4194 συιδ

331 4220 366 4262 aa
384 4203 493 4276 earum]
507 4209 690 4263 terrarumN
750 4221 784 4277 23
803 4204 990 4334 comgotieN
1056 4207 1091 4262 26
1102 4207 1238 4277 pluraque
1249 4207 1432 4279 scripsimus:

331 4277 463 4350 pleraque
478 4278 558 4334 CNR
631 4293 665 4348 29
683 4287 846 4335 autentum.
965 4291 1002 4348 30
1018 4275 1258 4348 tantum1suntc
