3202 4870
644 282 807 354 NOTES
1208 299 1271 358 art

171 453 258 533 quod
272 453 469 517 obtinebimus
489 451 560 516 eos!
605 473 619 516 1
636 453 733 520 Maec.
748 457 838 535 viii5
859 458 1076 520 ‘conuiuerunt
1095 459 1126 519 in
1146 459 1224 522 bello
1244 473 1274 524 et

176 555 365 616 obtinuenmt
378 549 447 614 eos'

215 652 249 714 P.
271 651 377 724 118,1.
397 669 446 729 31.
467 655 602 713 olauam
620 665 732 725 pesse.
772 651 818 716 cf.
841 653 985 729 Donatus,
1014 653 1079 716 Vita
1105 655 1217 736 Vergili
1234 662 1273 734 64

177 749 306 811 ‘facilius
319 769 384 811 esse
398 749 520 811 Herculi
534 749 648 811 clauum
663 769 752 830 quam
767 750 903 814 Homero
912 772 1028 814 versum
1043 755 1203 834 surripere!

217 847 249 910 P.
268 848 367 921 119,1.
381 866 410 923 4.
430 851 595 910 ultionem
610 873 618 909 ε
635 883 646 910 .
658 882 669 912 s
682 853 810 912 Dauid.
847 851 875 910 It
889 851 915 910 is
927 862 980 912 not
994 851 1073 912 clear
1087 853 1204 914 touhat
1217 853 1275 915 this

159 947 276 1022 refers,
297 947 429 1025 possibly
449 957 481 1008 to
501 946 550 1007 the
571 945 678 1025 charge
698 957 730 1007 to
752 946 896 1010 Solomon
917 951 1098 1028 concerning
1117 951 1194 1031 Joab
1214 953 1274 1013 and

173 1045 295 1120 Shimei,
311 1065 330 1122 3
344 1044 418 1123 Reg.
432 1045 494 1121 ii.5
515 1044 575 1105 and
593 1045 622 1105 8.
664 1044 708 1106 Or
726 1044 748 1106 it
766 1064 836 1124 may
850 1047 890 1108 be
903 1065 922 1106 a
934 1047 1076 1109 confused
1089 1049 1274 1113 recollection

175 1144 210 1206 of
218 1144 269 1205 the
283 1142 394 1205 suicide
407 1142 443 1204 oi
451 1142 618 1222 Ahitophel.

257 1241 276 1308 l.
292 1255 319 1318 γ.
337 1243 456 1302 iuueni
477 1283 487 1302 .
508 1276 519 1302 .
540 1281 551 1302 .
569 1257 703 1302 meum:
730 1240 768 1302 ci.
789 1235 862 1302 Acts
882 1242 941 1302 xiii.
963 1261 1001 1303 aa
1025 1245 1141 1306 ‘inueni
1166 1245 1272 1322 Dauid,

173 1337 269 1401 lilium
282 1341 371 1412 Iesse,
386 1339 481 1398 vinum
494 1337 658 1398 secundum
672 1357 726 1400 cor
738 1340 857 1400 meum!

256 1437 277 1500 l.
294 1457 340 1498 ra.
361 1440 512 1498 remeet
524 1440 649 1510 proles.
691 1437 767 1498 This
777 1456 902 1516 passage
915 1439 1087 1520 containing
1095 1460 1136 1501 no
1150 1442 1274 1505 allusion

175 1548 206 1598 to
219 1536 269 1597 the
289 1535 377 1596 death
397 1533 431 1596 oi
448 1535 496 1596 the
516 1553 618 1614 young
638 1533 743 1614 Henry
756 1553 816 1596 was
836 1538 1023 1616 presumably
1043 1541 1154 1600 written
1175 1542 1274 1605 before

174 1636 244 1717 July
261 1638 349 1712 1183.

256 1733 277 1796 l.
292 1753 339 1808 14.
358 1735 440 1807 qula
459 1735 533 1794 nari
556 1739 638 1794 sunt
659 1772 696 1795 ..
720 1774 730 1793 .
750 1737 904 1799 rebelles.
961 1721 1008 1795 Cf.
1032 1735 1121 1815 Verg.
1142 1739 1213 1801 Am.
1235 1741 1273 1800 vi.

177 1837 339 1910 ⁸51·3²-

297 1929 348 1990 Tu
367 1947 469 2007 regere
489 1928 613 2008 imperio
633 1928 767 2007 populos,
788 1928 934 2005 Romane,
955 1943 1123 2008 mement03

297 2028 366 2090 Hae
384 2029 436 2089 tibi
456 2037 540 2088 erunt
561 2037 656 2102 artem
685 2027 823 2106 pacisque
844 2028 995 2106 imponere
1014 2047 1135 2106 morem,

297 2127 419 2188 Parcere
433 2126 576 2200 subiectis,
589 2135 619 2186 et
632 2125 774 2186 debellare
789 2127 939 2204 superbos.

255 2227 339 2288 l.18.
367 2229 524 2288 libellum
551 2227 649 2288 euius
671 2261 732 2286 ...
752 2227 988 2288 meminimus:
1021 2225 1061 2288 ci.
1083 2226 1109 2286 1.
1129 2245 1155 2287 v.
1179 2227 1216 2291 Ο.
1241 2230 1273 2291 Ρ.

171 2327 280 2388 above.

255 2424 274 2484 l.
296 2443 342 2484 ar.
362 2425 472 2486 secuit
491 2437 634 2494 mgnum
653 2423 692 2480 in
711 2437 774 2482 sex
792 2427 917 2494 partes.
968 2421 1043 2484 This
1063 2424 1153 2486 refers
1172 2436 1203 2487 to
1224 2426 1274 2488 the

174 2523 299 2583 division
318 2521 352 2582 oi
368 2520 507 2599 England
524 2521 589 2580 into
609 2513 734 2598 ‘Eyres’
755 2529 785 2578 at
805 2519 854 2580 the
873 2521 988 2581 council
1002 2521 1038 2581 ol
1053 2521 1271 2603 Northampton

174 2621 240 2699 Jan.
256 2634 303 2695 25,
321 2619 407 2698 1173.
448 2618 477 2678 A
490 2619 668 2696 subsequent
685 2617 809 2678 division
826 2617 888 2678 into
904 2618 970 2679 lour
983 2621 1099 2683 circuita
1112 2639 1172 2683 was
1186 2623 1273 2682 made

175 2721 207 2778 iu
219 2717 303 2795 April
319 2730 397 2792 1179
412 2714 508 2797 (Lieb.
521 2715 603 2776 Erirl.
616 2733 646 2793 p.
664 2734 710 2788 10,
724 2713 865 2776 Benedict
877 2716 902 2776 1.
918 2715 1000 2798 239>

256 2817 361 2876 electi
389 2817 520 2874 iudioea
557 2830 643 2886 quos
676 2820 828 2875 mmutes
869 2831 1041 2876 vocamus.
1090 2811 1137 2876 Cf.
1171 2816 1275 2877 Ioann.

174 2913 282 2978 Sarisb.
299 2913 497 2986 Polycratr'mr
514 2930 541 2970 v.
557 2930 583 2971 c.
601 2929 646 2970 xv.
662 2907 735 2992 [576
751 2910 787 2984 C,
800 2911 848 2974 ed.
863 2910 1000 2996 Migne];
1024 2913 1128 2987 ‘Quae
1148 2933 1217 2974 vero
1235 2913 1274 2974 de

174 3011 356 3090 praesidibus
369 3010 490 3088 aliisque
499 3009 642 3070 iudicibus
651 3009 728 3070 dicta
742 3020 809 3070 sunt
822 3010 930 3072 debent
941 3021 970 3072 et
981 3011 1060 3090 apud
1073 3011 1272 3090 proconsules,

174 3128 252 3188 quos
274 3119 417 3170 nostrates
439 3107 595 3186 vulgariter
621 3107 722 3168 dicunt
745 3110 954 3171 amathaeus
978 3118 1113 3184 errantes,
1135 3109 1274 3172 obtinere.

174 3208 215 3274 Et
227 3225 338 3270 nomen
358 3206 478 3287 quidem
497 3206 609 3280 erroris,
625 3207 678 3267 etsi
695 3224 757 3267 non
776 3207 882 3281 officio,
903 3211 1037 3286 personis
1055 3220 1155 3269 tamen
1170 3227 1278 3271 eorum

175 3308 313 3370 conuenit
326 3307 377 3386 qui
391 3315 492 3366 euntes
502 3315 571 3384 post
583 3305 836 3383 concupiscentias
850 3325 917 3368 suas
931 3309 962 3368 in
976 3317 1087 3370 sectatu
1097 3307 1236 3368 auaritiae
1243 3317 1274 3368 et

174 3405 402 3485 depraedatione
421 3405 608 3484 popularium
626 3421 645 3464 a
663 3403 776 3465 tramite
795 3407 947 3482 aequitatis
965 3408 1112 3467 aberrant.
1157 3405 1277 3468 Debent

174 3515 274 3566 autem
295 3504 392 3564 officia
406 3503 539 3563 omnium
553 3520 618 3562 esse
631 3501 764 3579 gratuita,
778 3513 808 3563 vt
821 3503 891 3564 nihil
904 3503 976 3565 vltra
990 3514 1130 3564 statutum
1143 3505 1276 3582 exigatur

174 3602 230 3666 sed
241 3621 297 3664 nec
311 3602 478 3680 recipiatur.
508 3600 567 3662 Sed
581 3600 656 3661 iorte
665 3599 737 3679 quid
751 3611 890 3662 statutum
904 3603 940 3664 sit
954 3603 1079 3681 quaeris.
1121 3602 1276 3662 Plebiscito

174 3701 340 3766 continetur
354 3719 392 3759 ne
407 3701 473 3779 quis
486 3699 656 3779 praesidum
669 3716 777 3759 munus
790 3699 941 3762 donumue
951 3711 1068 3779 caperet
1076 3701 1133 3761 nisi
1146 3699 1278 3761 esculen-

175 3810 240 3862 tum
260 3798 496 3878 poculentumue,
516 3808 546 3860 et
566 3797 596 3859 id
616 3797 734 3876 quidem
754 3799 831 3859 intra
848 3799 910 3860 dies
927 3799 1079 3878 proximos
1099 3799 1277 3877 prodigatur.

176 3897 269 3972 Quod
282 3907 311 3958 et
324 3897 363 3957 ad
377 3897 568 3976 proconsules
582 3897 712 3975 aliosque
729 3897 914 3973 magistratus
927 3917 964 3958 ex
978 3895 1117 3958 mandato
1136 3897 1278 3976 principio

177 3997 288 4058 transit
330 3994 403 4056 Non
415 4013 485 4057 vero
503 3995 535 4056 in
554 4003 649 4056 totum
669 3993 778 4056 debent
798 3996 892 4056 xeniis
913 3996 1067 4068 abstinere,
1081 3994 1134 4056 sed
1153 3995 1278 4056 modum

177 4085 335 4154 adhibere?
376 4087 423 4150 Ci.
437 4088 507 4150 ibid.
521 4107 585 4169 cap.
599 4091 659 4150 xvi.
671 4086 744 4167 (580
759 4087 797 4160 A,
811 4088 857 4149 ed.
874 4087 1001 4170 Migne).
1043 4087 1110 4150 'Ibe
1123 4089 1229 4150 author
1246 4087 1283 4150 ol

180 4189 230 4252 the
242 4187 388 4266 Drangae
400 4186 513 4265 usually
526 4187 627 4248 avoids
639 4187 696 4248 this
710 4187 885 4265 ambiguous
898 4188 1054 4266 paniciple.

261 4287 280 4347 l.
297 4302 343 4364 ²5·
364 4289 540 4349 laboribus
553 4291 589 4348 et
602 4289 807 4362 sumptibus,
823 4285 841 4345 i.
850 4305 876 4346 e.
890 4284 939 4346 the
953 4286 1066 4347 trouble
1079 4285 1139 4348 and
1152 4300 1281 4366 expense
