3210 4864
345 286 392 366 ⁶4
713 287 780 374 na
802 285 1077 356 scaconmo
1316 285 1347 379 [1
1362 289 1399 356 nr
1416 302 1442 356 n

343 459 517 544 pecuniam
531 467 691 527 numeret.
737 459 839 543 Quod
859 459 887 532 si
907 458 986 543 quid
1006 457 1144 524 desuerit
1163 459 1277 525 redeat
1292 459 1336 524 ad
1351 479 1443 528 scac-

343 565 467 630 carium
491 565 519 629 is
540 565 598 648 qui
620 564 765 650 suscepit
786 573 820 630 et
842 561 918 629 fidei
938 563 1129 646 religionem
1149 571 1276 647 prestet
1296 566 1359 630 sub
1379 565 1443 633 hac

343 665 451 734 sorma
479 668 569 752 quod
599 677 760 752 quantam
792 667 937 752 suscepit
966 667 1160 750 reportauit,
1191 688 1257 734 non
1286 669 1442 753 apposito

342 773 523 838 secundum
545 773 781 839 conscientiam
803 791 899 837 suam
922 780 960 837 vt
983 769 1021 836 fit
1046 771 1080 835 in
1102 770 1181 848 aliia
1202 781 1236 836 et
1259 771 1323 837 hoc
1351 772 1441 838 sacto

314 875 488 948 ssoluatur
503 877 534 942 ei
549 877 639 960 quod
655 885 766 954 restat,
781 883 954 941 numerata
967 873 1058 959 prius
1073 877 1191 940 eadem
1206 895 1319 940 coram
1333 875 1449 944 omni-x

342 977 405 1058 bus
425 999 446 1046 a
467 981 652 1046 constitutis
673 979 969 1065 computatoribus.
1014 979 1052 1045 Si
1074 999 1162 1056 vero,
1183 977 1257 1064 lege
1278 979 1340 1044 sibi
1363 999 1442 1065 pro·

340 1083 461 1168 posita,
481 1083 628 1150 hostium
654 1083 798 1150 thesauri
822 1102 971 1169 egressus
995 1081 1092 1147 suerit
1122 1101 1318 1166 quecunque
1342 1082 1441 1150 luerit

341 1206 483 1270 persona
504 1187 557 1254 vel
585 1197 852 1272 quantacumque
881 1187 1007 1252 iactura
1034 1205 1102 1250 non
1128 1185 1158 1250 ei
1187 1187 1439 1270 respondeatur.

340 1289 459 1357 Militis
480 1291 655 1374 argentarii
677 1301 711 1357 et
732 1291 850 1356 fusoris
873 1289 979 1356 officia
998 1289 1062 1355 sibi
1077 1289 1230 1354 videntur
1249 1310 1383 1356 annexa
1403 1302 1438 1358 et

298 1410 330 1464 lo
340 1393 383 1459 ad
398 1394 548 1478 superius
564 1395 763 1462 scaccarium
778 1395 886 1478 magis
900 1393 1095 1478 pertinentia
1117 1403 1152 1458 et
1167 1393 1212 1458 ob
1235 1391 1300 1459 hoc
1314 1393 1437 1460 ibidem

340 1518 417 1563 cum
439 1499 554 1565 ceteris
581 1499 695 1564 officiis
721 1497 942 1583 explananda.
985 1497 1139 1582 Quatuor
1167 1506 1436 1582 computatorum

339 1600 485 1668 officium
504 1601 569 1668 hoc
587 1612 648 1668 est.
693 1601 779 1668 Cum
799 1602 833 1666 in
852 1601 1052 1667 scaccarium
1071 1601 1275 1667 numeranda
1296 1602 1437 1686 pecunia

340 1705 488 1789 mittitur,
512 1726 595 1772 vuus
620 1726 735 1772 eorum
756 1704 931 1790 diligenter
954 1714 1060 1772 totam
1087 1704 1280 1771 commiscet
1306 1714 1343 1769 vt
1368 1723 1437 1770 non

339 1829 486 1876 seorsum
508 1809 660 1876 meliores
685 1819 719 1874 et
741 1829 889 1874 seorsum
914 1809 1092 1874 deteriores
1113 1807 1180 1874 sint
1205 1817 1256 1872 set
1278 1807 1377 1872 mixti
1398 1819 1436 1874 vt

296 1925 326 1980 ¹5
339 1913 477 1998 ponderi
506 1913 737 1998 respondeant.
793 1912 871 1998 Quo
900 1910 988 1978 facto
1017 1912 1214 1977 camerarius
1243 1913 1286 1978 ad
1317 1912 1435 1978 libram

338 2018 490 2083 scaccarii
514 2017 677 2102 ponderat
702 2026 862 2101 quantum
887 2025 1021 2101 oportet
1045 2016 1080 2081 in
1106 2017 1250 2098 trutina;
1286 2016 1377 2100 quod
1406 2017 1435 2082 si

339 2139 495 2188 numerus
518 2143 580 2186 xx.
600 2121 781 2187 solidorum
804 2121 980 2205 plusquam
1002 2141 1064 2185 sex
1085 2119 1232 2185 nummis
1252 2121 1436 2186 excreuerit

339 2235 488 2307 respectu
504 2224 595 2307 libre,
608 2225 745 2308 indigna
759 2225 857 2308 recipi
877 2224 1003 2290 dicitur.
1047 2223 1085 2302 Si
1098 2244 1177 2288 vero
1191 2223 1243 2290 vel
1257 2225 1305 2290 ad
1322 2225 1364 2289 vi.
1379 2225 1431 2290 vel

338 2328 420 2394 infra
441 2347 477 2393 se
498 2327 639 2405 cohibet,
655 2328 828 2412 suscipitur
850 2335 885 2392 et
905 2348 926 2393 a
948 2328 1233 2412 computatoribus
1256 2327 1434 2412 diligenter

295 2460 327 2498 ιο
338 2452 396 2516 per
414 2443 572 2499 centenos
591 2431 714 2498 solidos
728 2443 765 2498 vt
778 2431 962 2518 predictum
980 2439 1033 2496 est
1052 2439 1251 2498 numeratur.
1299 2432 1338 2498 Si
1353 2451 1434 2497 vero

338 2535 381 2599 de
396 2534 490 2601 firma
504 2545 580 2600 sunt
592 2535 715 2601 denarii
730 2545 764 2601 et
779 2536 844 2600 sint
858 2535 1081 2615 examinandi,
1092 2535 1179 2601 lacta
1190 2535 1433 2600 commixtione

337 2754 373 2811 et
395 2743 472 2808 huic
493 2744 676 2810 vicecomes
698 2745 828 2828 signum
850 2761 947 2807 suum
969 2741 1109 2826 apponit
1129 2752 1167 2810 vt
1186 2761 1232 2806 ex
1254 2742 1316 2807 hiis
1341 2753 1433 2828 post·

303 2849 472 2914 Emodum
495 2867 648 2929 examen,
664 2849 755 2932 quod
774 2847 876 2931 vulgo
897 2845 1037 2911 essaium
1058 2845 1185 2926 dicitur,
1202 2844 1260 2912 fiat
1281 2847 1366 2913 sicut
1387 2867 1432 2914 ex

294 2983 325 3036 ²5
337 2953 550 3036 sequentibus
568 2951 716 3035 liquebit.
762 2951 835 3016 Erit
855 2959 967 3014 autem
986 2969 1064 3014 cure
1083 2970 1197 3015 eorum
1217 2949 1274 3034 qui
1294 2962 1432 3035 presunt

337 3065 468 3140 recepte
479 3057 584 3140 gratia
599 3055 808 3121 dominorum
817 3073 961 3132 suorum,
974 3052 1038 3118 hoc
1052 3062 1104 3118 est
1117 3052 1226 3119 clerici
1238 3053 1431 3120 thesaurarii

337 3171 372 3226 et
393 3161 647 3225 camerariorum
667 3167 705 3223 vt
727 3167 859 3241 recepta
880 3157 1018 3240 pecunia
1039 3177 1186 3221 seorsum
1209 3157 1345 3222 mittant
1370 3177 1431 3222 ex·

336 3264 470 3329 aminatl
499 3263 625 3348 argenti
651 3263 797 3346 pondera
827 3269 861 3326 et
890 3259 1041 3325 denarios
1071 3260 1114 3325 de
1144 3258 1247 3338 firma,
1268 3261 1430 3345 appositis

336 3367 534 3452 quibusdam
557 3366 657 3450 signis
677 3365 779 3432 saccis
798 3384 923 3446 eorum,
936 3377 973 3432 vt
992 3363 1020 3429 si
1040 3383 1101 3428 rex
1115 3384 1195 3430 vasa
1209 3373 1368 3448 argentea
1387 3365 1431 3440 ad

291 3499 324 3552 30
336 3471 461 3539 cultum
484 3473 604 3537 domus
629 3469 684 3535 dei
708 3467 762 3536 vel
785 3470 830 3535 ad
856 3469 974 3534 domus
998 3467 1132 3552 proprie
1157 3467 1352 3552 obsequium
1376 3467 1431 3544 vel

334 3577 419 3642 forte
434 3584 584 3641 monetas
597 3573 832 3639 transmarinas
847 3571 916 3637 fieri
931 3571 1072 3639 voluerit
1086 3591 1131 3636 ex
1145 3569 1207 3636 hiis
1222 3570 1313 3638 fiant

376 3677 572 3762 Ducipadus.
617 3677 680 3742 Est
695 3675 820 3760 aliquid
836 3675 869 3741 in
884 3675 1039 3760 predictis
1053 3675 1146 3758 quod
1161 3693 1216 3739 me
1230 3675 1350 3759 pulsat.

377 3784 552 3867 Magram.
596 3779 660 3846 Dic
675 3799 764 3865 ergo.

376 3874 574 3972 Disapulas.
619 3885 741 3950 Dixisti
760 3883 788 3950 si
807 3883 892 3950 bene
911 3881 1046 3949 memini
1060 3882 1152 3965 quod
1168 3881 1212 3948 ad
1232 3885 1430 3951 scaccarium

289 4017 322 4070 ³5
334 3994 534 4076 quandoque
554 3989 713 4058 soluenda
729 3987 877 4054 differtur
890 3987 1028 4074 pecunia
1041 4006 1108 4072 que
1120 3986 1283 4054 iudicatur
1296 3988 1431 4073 indigua

370 4123 547 4197 3non]llR
615 4126 807 4182 6aR‘corr.:
827 4125 863 4180 ab
878 4125 958 4181 CNR
1052 4125 1123 4180 6-12
1135 4124 1428 4196 computatoribus...

334 4195 435 4256 estN⁸
498 4195 823 4270 tquantumcumquec
880 4210 910 4251 η
931 4195 1160 4264 Quatuorom.N
1217 4209 1250 4250 12
1268 4197 1436 4252 hocom.N

336 4271 369 4326 18
387 4268 495 4340 integra
505 4269 541 4325 N
547 4271 580 4324 in
591 4285 696 4324 rasura
767 4279 811 4336 24,
824 4278 856 4337 25
875 4282 925 4322 exe
946 4265 1074 4322 uentibus
1085 4267 1128 4320 R:
1147 4283 1181 4320 ex
1193 4267 1430 4338 consequentibus

333 4341 453 4398 sicutN
556 4351 589 4410 35
607 4337 736 4395 diffenur
746 4343 813 4394 ante
829 4337 927 4395 soluen
971 4339 1058 4408 ponit
1067 4337 1104 4407 R,
1110 4341 1179 4409 post
1188 4337 1346 4409 pecuniae*
