3228 4868
351 277 394 344 8⁶
719 277 1084 350 nsscaccnxro
1336 279 1456 372 [ivre

351 452 610 521 examinandam
634 455 760 522 dantur
788 453 891 521 lusori
919 473 988 521 non
1016 453 1061 522 de
1087 452 1169 520 fisco
1198 453 1258 522 sed
1283 453 1329 522 de
1359 466 1455 542 parte

350 557 554 622 vicecomitis
571 558 666 641 quasi
689 558 723 624 in
738 558 902 643 premium
919 559 972 624 sui
994 557 1128 626 laboris.
1172 558 1268 625 Tunc
1288 557 1456 643 eliguntur

347 681 372 726 a
390 661 586 745 presidente,
601 661 654 726 vel
671 683 694 728 a
710 661 958 728 thesaurartosi
977 660 1035 727 ille
1052 660 1174 728 absens
1191 659 1300 744 luerit,
1313 662 1370 728 alii
1385 664 1454 730 duo

349 764 562 832 vicecomites
581 774 618 830 vt
636 764 736 832 simul
749 786 827 833 cum
840 765 1038 850 argentario,
1057 783 1186 832 necnon
1201 775 1237 832 et
1257 765 1455 834 vicecomite

321 868 443 946 senius
457 888 601 934 examen
617 869 802 935 iaciendum
818 879 880 950 est,
899 870 1083 954 procedant
1100 869 1145 936 ad
1160 869 1272 954 ignem
1292 869 1348 934 vbi
1362 869 1455 937 fusor

351 983 430 1039 ante
451 973 667 1058 premonitus,
688 973 871 1056 preparatis
892 973 1094 1054 necessariis,
1109 993 1228 1039 eorum
1249 973 1454 1058 prestolatur

347 1077 542 1143 aduentum.
587 1077 639 1143 Ibi
654 1077 774 1142 iterum
788 1086 942 1162 presente
955 1075 1066 1143 fusore
1084 1085 1120 1142 et
1131 1075 1198 1142 biis
1211 1077 1270 1161 qul
1284 1097 1307 1143 a
1321 1077 1454 1144 baroni-

349 1179 414 1245 bus
429 1179 520 1244 missi
542 1173 622 1244 'sunt
636 1179 813 1264 diligenter
833 1189 1070 1265 compunctae
1090 1189 1127 1247 et
1145 1180 1249 1246 fusuri
1267 1183 1453 1248 aadmtm.

348 1282 446 1368 Quos
468 1282 522 1348 ille
543 1283 723 1369 suscipiem
737 1301 840 1350 manu
854 1283 988 1369 propria
1008 1293 1161 1351 nmnmat
1179 1284 1278 1350 etsie
1299 1287 1450 1370 disponit

306 1407 409 1453 roeos
434 1387 468 1452 in
491 1387 663 1453 vasculum
686 1387 866 1473 ignitorum
893 1388 1043 1453 cinerum
1063 1389 1154 1473 quod
1176 1389 1211 1453 in
1235 1387 1368 1455 fornace
1390 1401 1452 1458 cst.

349 1489 446 1555 Tunc
462 1491 570 1576 igitur,
581 1491 662 1557 artis
673 1491 794 1557 iusorie
808 1491 883 1577 lege
894 1501 1038 1572 seruata,
1049 1493 1170 1579 redigit
1182 1513 1241 1559 ens
1251 1494 1284 1558 in
1296 1515 1452 1574 massam,

350 1591 497 1660 conflans
512 1603 546 1660 et
561 1595 742 1660 mnundans
752 1603 939 1678 argentum.
984 1593 1141 1664 Ceterum
1152 1597 1339 1663 cauendum
1354 1607 1406 1664 est
1419 1598 1451 1664 ei

350 1718 394 1764 ne
418 1698 503 1764 citra
524 1699 705 1782 perlectum
725 1699 888 1766 subsistat
908 1699 963 1766 vel
988 1699 1187 1784 importunis
1207 1701 1450 1768 estuationibus

308 1811 337 1864 Η
348 1811 451 1870 vexet
462 1801 543 1868 illud
554 1811 656 1887 atque
667 1811 843 1870 constituat
856 1823 865 1883 ;
886 1802 968 1869 illud
981 1814 1118 1890 propter
1127 1805 1225 1890 regis,
1236 1803 1301 1871 boc
1312 1815 1452 1890 propter

304 1924 335 1977 ¹⁵
348 1905 554 1974 vicecomitis
581 1905 765 1988 iacturam3
800 1907 860 1973 sed
889 1907 997 1972 modis
1027 1908 1182 1974 omnibus
1212 1909 1388 1992 prouideat
1416 1919 1452 1976 et

348 2019 474 2095 quanta
498 2021 652 2095 procuret
677 2009 838 2077 industria
862 2019 899 2076 vt
924 2029 993 2076 non
1016 2021 1159 2078 vexetur
1180 2011 1239 2076 sed
1263 2011 1307 2076 nd
1329 2030 1449 2096 purum

348 2124 481 2184 tantum
507 2123 721 2198 excoquatur.
766 2113 843 2179 Hoc
864 2121 977 2180 autem
999 2113 1110 2199 ipsum
1128 2115 1303 2198 prouidere
1325 2114 1451 2182 debent

349 2217 396 2284 hii
428 2219 485 2302 qui
514 2219 558 2284 ad
589 2218 680 2284 idem
710 2217 801 2283 missi
827 2227 953 2284 sunta
981 2219 1171 2286 maioribus.
1216 2219 1323 2285 Facto
1347 2217 1452 2302 igitur

348 2321 503 2388 examine
521 2321 628 2388 desert
648 2321 731 2387 illud
756 2321 961 2406 argentarius
981 2322 1027 2388 ad
1053 2321 1192 2388 barones
1213 2323 1450 2389 comitantibus

304 2449 337 2492 ιο
347 2425 421 2507 illis,
430 2437 466 2492 et
481 2435 560 2492 tunc
578 2426 613 2490 in
630 2426 781 2492 omnium
795 2425 900 2491 omlis
911 2427 1074 2512 ponderat
1085 2425 1167 2492 illud
1184 2447 1260 2492 curn
1275 2425 1361 2492 libra
1374 2445 1450 2511 pre·

345 2529 437 2596 dicta
452 2531 607 2614 ponderis
622 2549 631 2610 ;
656 2529 792 2615 supplet
803 2539 917 2596 autem
932 2549 1015 2596 mox
1030 2532 1120 2616 quod
1135 2531 1220 2616 ignis
1230 2531 1450 2615 consumpsit,

346 2635 510 2720 appositis
519 2633 664 2700 denariis
674 2634 825 2702 eitrsdem
835 2632 935 2702 bauli
946 2635 1054 2702 donec
1064 2635 1315 2720 equilibriterse
1326 2635 1450 2700 habeat

345 2757 492 2806 examen
510 2757 587 2804 cum
599 2737 755 2823 pondere
799 2737 898 2806 Tunc
912 2739 1101 2806 inscribitur
1115 2739 1204 2804 idem
1219 2759 1375 2820 examen,
1390 2740 1449 2804 de·

347 2863 448 2930 super
462 2844 563 2910 ducta
573 2853 672 2920 creta,
683 2841 748 2908 hiis
762 2843 897 2921 verbis,‘
910 2843 1157 2912 Euervicscira.
1197 2845 1300 2912 Libra
1309 2844 1388 2910 arsit
1397 2853 1450 2911 tot

303 2978 334 3031 ²5
346 2949 400 3015 vel
420 2959 472 3016 tot
493 2946 654 3028 denariis:
669 2957 704 3014 et
725 2957 806 3013 tunc
828 2946 910 3013 illud
930 2947 1074 3014 εεεαίυω
1095 2948 1225 3015 dicitur.
1262 2949 1342 3014 Non
1358 2947 1448 3012 enim

349 3052 539 3118 inscribitur
552 3053 614 3117 nisi
629 3069 847 3137 preconcesso
861 3051 952 3136 qnod
968 3053 1016 3118 sic
1030 3062 1118 3119 stare
1132 3053 1264 3120 debeat.
1302 3051 1450 3135 Quodsi

346 3155 530 3222 vicecomes
554 3156 648 3222 cuius
674 3165 726 3223 est
750 3153 994 3240 mlumpniatus
1016 3153 1115 3222 fuerit
1140 3155 1223 3222 illud
1249 3157 1345 3239 quasi
1372 3153 1448 3239 plus

345 3259 434 3325 iusto
451 3267 690 3344 consumptum
712 3258 821 3337 fuerit,
850 3258 935 3344 ignis
959 3258 1084 3326 scilicet
1109 3279 1153 3325 ex
1179 3259 1365 3326 estuatione
1393 3259 1447 3324 vel

346 3361 476 3448 plumbi
500 3362 673 3441 inlusione,
691 3361 745 3428 vel
766 3363 867 3428 etiarn
892 3359 983 3428 lusor
1008 3361 1079 3446 ipse
1102 3363 1252 3447 qualibet
1272 3362 1448 3428 occasione

301 3493 334 3544 30
344 3466 505 3534 deiecisse
519 3466 663 3533 fateatur
673 3485 828 3544 examen,
843 3467 962 3532 iterum
976 3477 1192 3534 numerentur
1204 3485 1265 3533 xx.
1275 3465 1373 3532 solidi
1389 3465 1448 3550 qui

345 3569 467 3637 residui
479 3568 599 3636 suntin
612 3569 722 3636 loculo
733 3571 885 3655 predicto
896 3589 1009 3636 coram
1020 3569 1208 3647 baronibus,
1219 3569 1305 3636 sicut
1319 3569 1447 3636 dictum

343 3685 407 3754 est,
426 3685 461 3740 et
479 3676 601 3741 eadem
620 3675 750 3740 ratione
763 3683 896 3739 seruata
910 3671 970 3739 fiat
989 3693 1142 3740 mannen.
1179 3673 1272 3739 Hinc
1285 3673 1348 3739 tibi
1365 3693 1447 3738 con·

344 3790 433 3847 stare
450 3787 561 3866 potest
582 3797 650 3863 qua
664 3777 928 3844 consideratione
942 3777 985 3844 de
1003 3797 1123 3844 scenio
1138 3797 1260 3863 magno
1275 3778 1447 3862 propositae

344 3885 485 3970 pecunie
499 3883 593 3948 xliiii.
609 3883 707 3950 solidi
721 3903 869 3950 seorsum
883 3881 927 3948 ab
949 3882 1045 3948 initio
1060 3883 1235 3950 mittantur
1249 3883 1283 3948 in
1299 3882 1446 3949 loculum

298 3976 332 4081 ³?
346 3988 503 4073 apposito
510 3986 713 4054 vicecomitis
723 3985 843 4073 sigillo.
886 3987 1084 4054 Notandum
1097 4005 1177 4055 vero
1190 3987 1345 4071 estquod
1356 3985 1448 4053 fusor

381 4173 397 4228 7
417 4160 460 4216 Ibi
473 4177 526 4217 om.
539 4161 567 4215 R
669 4159 703 4216 16
720 4157 862 4231 procuret]
875 4176 927 4231 pro
938 4175 1005 4218 cure
1015 4160 1044 4215 R
1153 4171 1185 4228 17
1204 4158 1297 4230 ipsum
1308 4169 1405 4215 autem
1417 4157 1447 4213 R

345 4229 462 4302 debent]
476 4231 573 4288 dicum
586 4231 622 4286 N
673 4231 708 4286 26
721 4229 967 4302 preconcessioN
1026 4231 1061 4287 28
1075 4231 1275 4302 consumptae
1315 4239 1446 4288 exmtua·

343 4303 421 4360 tione
432 4303 469 4358 Ν
473 4318 480 4358 =
500 4301 770 4360 exestuationemR
840 4315 872 4373 31
892 4301 1020 4374 predicto
1034 4301 1165 4359 bculoc
