3228 4868
181 275 213 342 n
228 275 312 340 xxvi
328 257 383 376 Β]
481 337 484 344 ,
544 273 613 340 DE
635 271 909 342 SCACCARIO
952 298 957 308 ·
1224 281 1288 358 157

181 446 281 531 regiis
301 442 422 511 debitis
441 439 712 509 summonitiones
730 441 824 524 fiunt,
839 442 935 508 adest
955 440 1091 510 clericus
1111 443 1225 530 regine
1243 447 1287 512 ad

183 550 247 615 hec
268 549 468 615 constitutus
488 556 524 612 et
546 546 640 612 addit
661 547 696 611 in
715 546 985 626 summonitione,
1003 549 1065 612 ‘de
1086 547 1143 613 illo
1164 549 1288 614 habeas

184 663 318 719 centum
343 671 473 717 marcas
499 671 560 735 pro
585 670 687 716 causa
708 647 784 728 illa,’
806 655 858 715 ‘et
879 651 924 716 ad
945 667 1030 734 opus
1053 653 1167 736 regine
1187 671 1287 718 vnam

184 775 330 822 marcam
357 751 447 820 auri!
492 753 702 820 Summonita
723 763 836 819 autem
862 755 907 818 ad
929 755 1129 821 scaccarium
1153 757 1288 824 abelus

183 859 381 927 officialibus
403 859 447 924 ad
467 857 530 924 hec
553 857 745 924 constitutis
769 878 917 924 seorsum
942 858 1172 942 suscipiuntur.
1217 861 1317 941 No-5

183 963 270 1030 ueris
286 965 387 1030 etiam
403 963 503 1046 quod,
519 963 596 1029 licet
610 983 671 1028 rex
687 963 731 1028 de
744 963 907 1048 promissa
921 962 984 1030 sibi
999 983 1129 1030 summa
1144 965 1288 1030 mediam

112 1101 114 1104 ·
184 1078 316 1152 partem
338 1067 498 1134 dimiserit
520 1067 572 1133 vel
589 1067 779 1132 uniuersum
794 1066 968 1134 ueletiam
990 1087 1199 1134 summonere
1222 1068 1288 1135 dis-

183 1173 304 1250 tulerit,
325 1172 368 1237 de
388 1171 440 1238 his
460 1180 583 1248 tamen,
598 1191 664 1255 que
680 1173 728 1236 ad
745 1172 895 1256 reginam
917 1172 1091 1257 pertinent,
1105 1173 1288 1240 secundum

184 1278 275 1362 quod
303 1277 366 1342 sibi
395 1277 502 1342 visum
531 1276 639 1354 fuerit,
667 1297 729 1361 per
757 1277 871 1342 omnia
899 1276 969 1356 fiet,
997 1286 1045 1354 vt,
1074 1297 1115 1343 ea
1144 1277 1288 1354 nolente,

184 1396 294 1466 neque
323 1380 535 1446 dimittantur
564 1399 674 1463 neque
701 1379 899 1445 differantur
925 1399 994 1462 que
1020 1379 1084 1446 sibi
1114 1381 1288 1462 debentur,
1303 1405 1336 1442 ιο

118 1535 121 1540 .
181 1497 235 1553 set
257 1484 461 1552 summonita
483 1485 655 1553 soluantur
675 1493 710 1552 et
732 1505 799 1552 non
821 1484 992 1552 soluentes
1013 1485 1163 1570 predicto
1186 1485 1288 1550 modo

181 1589 428 1656 coherceantur.

227 1691 423 1776 Discipulus.
467 1690 641 1776 Numquid
672 1693 715 1758 de
742 1690 913 1776 promissis
943 1689 1012 1778 regi
1041 1691 1124 1758 citra
1152 1703 1288 1758 eentum

180 1807 313 1862 marcas
328 1795 453 1880 aliquid
470 1797 583 1881 regine
597 1797 759 1862 debetur?

226 1899 403 1980 Magister.
448 1897 659 1983 Quibusdam
678 1900 730 1966 sic
750 1900 893 1980 videtur,
914 1909 952 1966 vt
973 1920 1078 1987 vsque
1102 1901 1147 1966 ad
1171 1900 1287 1966 decem
1302 1913 1333 1969 ¹⁵

180 2015 312 2070 marcas
329 2011 491 2084 teneatur,
504 2010 542 2068 vt
563 2003 686 2072 scilicet
704 2003 742 2084 is,
756 2004 814 2088 qui
828 2004 944 2070 decem
961 2003 1032 2088 regi
1046 2004 1240 2088 promiserit,
1255 2005 1324 2070 inu

179 2126 249 2172 vna
261 2106 357 2172 uncia
375 2105 445 2170 auri
461 2107 574 2192 regine
588 2115 758 2175 teneatur:
779 2107 862 2184 aliis,
876 2126 952 2187 non,
967 2107 1031 2173 nisi
1045 2107 1089 2174 de
1105 2116 1239 2174 eentum
1253 2115 1289 2173 et

179 2231 283 2295 supra
306 2209 350 2275 ab
373 2209 468 2276 initio
491 2211 669 2294 promissis.
714 2211 770 2278 De
794 2209 846 2276 his
868 2211 969 2296 igitur
989 2211 1034 2276 ad
1056 2231 1189 2297 presens
1211 2232 1288 2278 cum

180 2314 348 2380 modestia
356 2313 491 2392 sustine,
499 2314 587 2398 quia,
597 2335 632 2380 re
643 2315 792 2381 nondum
803 2315 988 2392 terminata,
998 2334 1158 2399 suspensa
1167 2314 1288 2382 solutio

179 2428 245 2484 est.
282 2417 411 2502 Litigat
427 2437 506 2483 sane
520 2418 563 2483 de
574 2417 624 2482 his
636 2439 713 2504 pars
727 2419 840 2502 regine
854 2437 931 2483 cum
943 2418 1146 2486 debitoribus
1161 2430 1195 2486 et
1210 2419 1287 2486 ‘ad·
1300 2449 1334 2488 20

181 2522 248 2587 huc
267 2520 331 2586 sub
350 2522 458 2587 iudice
478 2521 518 2587 lis
539 2517 611 2590 est'
657 2523 712 2587 De
732 2522 954 2588 misericordia
970 2531 1083 2589 autem
1106 2523 1286 2590 iudeorum

182 2634 219 2692 et
239 2626 282 2692 de
306 2625 537 2709 redemptione
561 2626 826 2704 monetariorum,
846 2626 931 2692 sicut
952 2626 997 2693 de
1019 2637 1142 2712 sponte
1166 2628 1288 2695 oblatis

177 2731 382 2811 dictumest,
397 2750 459 2796 sua
477 2729 590 2815 portio
609 2730 792 2797 secundum
812 2728 953 2796 sormam
971 2731 1153 2814 predictam
1174 2733 1287 2816 regine

181 2835 330 2900 debetur.

225 2937 421 3022 Discipulus.
463 2937 639 3023 Numquid
667 2929 702 3003 in
725 2933 866 3022 (penis)
892 2937 1089 3020 pecuniariis
1112 2946 1147 3004 et
1168 2949 1287 3024 sponte
1301 2975 1332 3026 25

176 3040 303 3107 oblatis
318 3042 454 3108 clericos
469 3051 503 3108 et
517 3041 620 3108 laicos
636 3042 706 3106 sine
721 3039 905 3105 differentia
920 3039 977 3106 lex
991 3061 1057 3106 vna
1071 3041 1247 3109 cohercet?

224 3147 401 3232 Magister.
447 3148 487 3213 In
501 3157 623 3232 sponte
637 3146 759 3214 oblatis
774 3146 865 3230 apud
885 3165 1002 3212 omnes
1021 3147 1079 3213 lex
1093 3167 1159 3214 vna
1176 3167 1286 3216 serua·

176 3261 236 3315 tur
250 3259 297 3330 vt,
311 3251 382 3316 siue
401 3250 538 3317 clericus
555 3251 598 3316 sit
616 3251 689 3317 siue
709 3249 820 3330 laicus,
835 3248 892 3332 qui
907 3249 1070 3316 soluendo
1089 3258 1157 3317 hon
1177 3250 1286 3334 luerit,

178 3353 289 3422 donec
302 3354 498 3421 satisfecerit
512 3363 624 3422 careat
638 3353 827 3437 impetrato.
863 3351 1068 3420 Obseruatur
1078 3354 1179 3422 etiam
1195 3355 1286 3423 idem

180 3456 215 3521 in
235 3458 390 3524 omnibus
409 3458 483 3523 aliis
504 3478 571 3542 que
592 3459 713 3542 quouis
732 3465 832 3540 pacto
851 3456 921 3540 regi
938 3458 1099 3524 debentur
1113 3480 1135 3524 a
1149 3457 1286 3542 clericis,
1300 3484 1333 3538 30

177 3580 259 3626 cum
274 3561 399 3627 scilicet
413 3582 475 3628 sue
489 3561 660 3645 dignitatis
673 3570 708 3626 et
722 3559 825 3626 libere
840 3560 1055 3645 possessionis
1076 3562 1286 3648 priuilegium

176 3665 324 3748 allegare
353 3665 567 3750 neglexerint
623 3666 679 3731 De
703 3663 930 3748 allegantibus
960 3674 1075 3730 autem
1103 3665 1183 3750 quid
1213 3666 1286 3732 fieri

175 3770 313 3847 debeat,
340 3789 362 3835 a
385 3769 533 3836 discretis
562 3777 597 3836 et
622 3772 728 3836 deum
750 3769 947 3834 timentibus
976 3769 1079 3847 laicis,
1106 3769 1135 3833 si
1165 3769 1288 3853 placet,

176 3873 310 3939 rescito.
356 3873 419 3938 His
440 3875 531 3939 enim
553 3874 597 3939 ad
619 3893 755 3959 presens
777 3894 822 3940 ex
845 3873 1007 3942 industria
1026 3874 1223 3958 supersedeo
1243 3895 1286 3940 ne

177 3975 273 4042 dicar
292 3996 365 4042 mee
384 3975 583 4044 conditionis
602 3976 793 4044 hominibus
807 3975 976 4046 vltroneas
994 3975 1087 4063 leges
1104 3985 1139 4044 et
1152 3977 1285 4045 mitiora
1299 4003 1331 4056 35

181 4079 253 4144 iura
267 4079 418 4146 dictasse

220 4264 347 4334 shoeR
411 4266 841 4348 toque...debenturom.R
894 4278 927 4336 13
965 4263 1138 4323 remissisN
1198 4265 1281 4344 r6in]

180 4336 259 4394 mR
364 4337 666 4408 aspernadds'dimus
736 4337 953 4411 3oque...de
1010 4339 1161 4396 turoneR
1269 4361 1276 4376 ·
