3228 4868
168 299 230 369 rvr
248 296 288 392 a]
538 303 604 371 ns
628 299 902 376 scnccnnro
1228 307 1269 392 85

169 483 221 539 est
236 475 337 559 igitur
348 475 399 540 vir
412 475 484 556 iste,
495 477 631 544 mutatis
642 479 740 544 rebus
752 479 926 563 prosperis,
937 479 1004 546 vite
1018 497 1077 546 sue
1089 479 1269 559 consulere,

167 585 203 642 et
225 577 304 644 licet
326 589 454 663 pateret
477 581 508 646 ei
530 601 607 646 cum
630 603 762 648 summo
783 583 910 649 honore
931 603 1083 650 accessus
1104 585 1146 650 ad
1171 605 1271 668 regna

168 681 323 764 plurima,
330 693 444 749 tamen
456 683 644 769 frequenter
654 695 791 752 vocatus
802 687 846 752 ab
859 686 974 752 illustri
986 707 1064 772 rege
1078 687 1269 772 Anglorum

170 785 328 865 Henrico,
357 807 434 852 cum
454 787 544 854 sama
568 789 709 855 veritate
731 790 804 874 ipsa
824 791 931 856 minor
956 799 1015 866 est,
1041 790 1199 876 preelegit
1225 793 1270 857 ad

168 884 280 950 natale
293 886 402 951 solum
414 897 450 953 ct
463 889 702 956 successorium
713 910 753 956 ac
768 889 968 974 singularem
984 891 1157 956 dominum
1171 910 1268 956 suum
1283 901 1298 954 5

168 986 336 1051 accedere.
381 985 564 1071 Susceptus
583 987 684 1074 igitur
698 990 743 1055 ab
763 989 836 1074 ipso
854 989 938 1055 sicut
956 997 1133 1074 vtmmque
1146 990 1269 1068 decuit,

168 1085 249 1168 quia
263 1088 354 1170 apud
369 1085 519 1153 Siculum
540 1089 669 1172 magnis
683 1089 880 1166 intenderat,
893 1089 947 1156 hic
965 1090 1066 1155 etiam
1084 1089 1128 1155 ad
1147 1110 1270 1174 magna

168 1189 349 1272 deputatur
362 1189 518 1256 scaccarii
531 1190 673 1275 negotia.
719 1190 776 1257 Sic
797 1191 899 1275 igitur
920 1201 954 1258 et
976 1191 1085 1256 locum
1107 1201 1142 1258 et
1163 1193 1305 1276 digni-F

167 1293 248 1358 tatis
259 1291 406 1359 officium
417 1293 560 1377 adeptus
575 1305 636 1374 est,
647 1296 691 1360 ad
706 1294 853 1380 quelibet
865 1295 965 1361 etiam
980 1296 1133 1360 scaccarii
1149 1315 1270 1380 magna

168 1397 303 1480 negotia
320 1416 397 1460 cum
412 1390 542 1480 magnis
556 1397 743 1464 assumitur.
789 1397 846 1465 Sic
865 1397 968 1464 habes
985 1399 1133 1463 omnium
1151 1400 1208 1482 qui
1224 1399 1267 1464 ad
1284 1425 1316 1464 ιο

168 1501 277 1565 maius
299 1502 498 1566 scaccarium
520 1522 565 1567 ex
581 1501 691 1568 officio
709 1502 855 1568 resident
876 1503 948 1566 iura
969 1501 1133 1568 distincta.
1180 1501 1268 1567 Con·

168 1623 309 1686 sequens
331 1611 445 1668 autem
471 1613 522 1670 est
546 1605 580 1670 ni
601 1604 697 1672 fallor
718 1616 755 1671 vt
780 1625 845 1689 que
866 1606 932 1670 sint
954 1624 1070 1670 eorum
1089 1605 1270 1689 dignitates

168 1706 298 1772 ratione
315 1707 468 1772 sessionis
483 1707 527 1773 ad
542 1709 741 1774 scaccarium
756 1727 1002 1793 prosequamur.

213 1807 412 1891 Drscipulus.
459 1809 568 1876 lmmo
596 1812 625 1876 si
660 1811 772 1894 placet
800 1813 842 1878 de
874 1811 982 1877 officio
1022 1810 1135 1876 militis
1167 1831 1268 1896 quem

169 1915 392 1996 argentarium
418 1913 509 1992 dicis,
533 1935 660 1981 necnon
685 1926 719 1981 et
744 1917 788 1980 de
812 1915 930 1981 fusoris
955 1915 1062 1983 officio
1091 1915 1268 1981 dicendum
1285 1943 1315 1998 ¹⁵

170 2027 231 2082 est.
276 2017 366 2101 Quia
387 2037 464 2083 cum
486 2019 551 2084 sibi
571 2020 748 2086 videantur
769 2039 905 2086 annexa
924 2028 960 2084 et
981 2019 1024 2084 ad
1047 2019 1153 2086 maius
1176 2040 1269 2086 scac-

170 2120 295 2185 carium
310 2121 509 2204 pertinentia
523 2122 694 2206 hucusque
709 2121 813 2189 dilata
827 2131 913 2187 sunt.

212 2223 391 2306 Magister.
436 2225 546 2292 Cemo
571 2227 663 2310 quod
689 2235 723 2292 te
748 2226 987 2310 promissorum
1018 2225 1177 2292 memoria
1202 2245 1270 2292 non

170 2329 317 2412 preterit,
338 2350 383 2396 ex
404 2350 472 2413 quo
494 2349 572 2415 spes
598 2341 688 2397 certa
705 2331 890 2416 concipitur
909 2331 1000 2415 quod
1024 2337 1059 2396 te
1081 2329 1148 2394 iarn
1172 2330 1270 2396 dictis

170 2453 236 2498 non
250 2432 418 2498 fraudabit
433 2433 569 2500 obliuio.
613 2432 801 2501 Credebam
815 2455 896 2500 sane
911 2436 953 2500 de
968 2433 1082 2501 officiis
1097 2434 1158 2499 tibi
1172 2434 1270 2500 luisse
1284 2461 1317 2500 ro

171 2535 377 2604 satisfactum
400 2537 478 2622 quia
503 2538 547 2602 de
569 2537 788 2606 residentibus
813 2539 857 2604 ad
879 2539 1079 2604 scaccarium
1102 2538 1269 2604 neminem

171 2641 445 2724 pretermiseram.
487 2639 547 2708 Set
561 2641 607 2706 hii
623 2643 666 2708 de
683 2641 804 2726 quibus
819 2661 1060 2708 commemoras
1077 2652 1183 2708 certas
1202 2662 1270 2708 nou

170 2744 297 2810 habent
316 2744 378 2809 sibi
399 2744 576 2828 deputatas
593 2747 696 2825 sedes,
711 2746 815 2811 immo
835 2765 896 2829 pro
915 2745 1055 2829 imperio
1072 2745 1270 2828 presidentis

170 2846 224 2912 vel
239 2847 434 2912 thesaurarii
449 2867 547 2913 suum
562 2847 699 2933 explent
713 2847 867 2916 officium.

215 2950 319 3016 Porro
331 2949 425 3016 miles
439 2952 644 3036 argentarius
658 2952 702 3017 ab
716 2951 868 3019 inferiore
882 2952 1045 3018 scaccario
1059 2952 1103 3018 ad
1118 2951 1269 3036 superius
1284 2975 1314 3029 25

169 3053 278 3120 defert
291 3053 439 3120 loculum
454 3055 668 3121 examinandi
684 3056 812 3141 argenti
826 3057 918 3122 cuius
932 3077 1032 3140 supra
1047 3056 1268 3122 meminimus.

171 3155 284 3242 Quem
297 3177 373 3223 cum
382 3157 527 3225 intulerit
537 3159 704 3243 signatum
713 3159 821 3243 sigillo
828 3159 1040 3234 vicecomitis,
1051 3159 1114 3224 sub
1120 3157 1270 3223 omnium

170 3261 274 3327 oculis
299 3259 445 3347 effundit·
462 3262 497 3325 in
518 3262 682 3328 scaccario
706 3262 799 3328 xliiii.
820 3261 954 3340 solidos,
975 3281 1060 3345 quos
1086 3261 1129 3326 de
1150 3280 1269 3326 aceruo
1281 3279 1307 3332 G

170 3375 325 3448 sumptos
337 3365 430 3448 prius
447 3365 648 3449 signauerat,
662 3363 815 3448 factaque
832 3365 1073 3432 commixtione
1088 3364 1269 3432 eorundem

169 3477 208 3534 vt
233 3469 372 3553 ponderi
395 3467 631 3552 respondeant,
646 3468 749 3535 mittit
775 3468 810 3532 in
831 3489 934 3534 vnum
954 3467 1125 3534 vasculum
1145 3469 1270 3534 trutine
1282 3489 1316 3540 30

171 3569 290 3637 binam
311 3571 478 3655 ponderis,
498 3571 533 3636 in
555 3571 696 3638 alterum
722 3593 800 3638 vero
823 3572 865 3636 de
891 3571 1033 3637 denariis
1055 3571 1147 3654 quod
1173 3591 1271 3655 opor·

171 3676 280 3742 tuerit.
327 3675 406 3760 Quo
420 3676 507 3742 lacto
524 3685 676 3742 numerat
693 3677 827 3741 eosdem
845 3685 882 3741 vt
900 3696 944 3740 ex
965 3695 1105 3740 numero
1119 3685 1271 3741 constare

170 3779 277 3864 possit
291 3779 320 3844 si
336 3779 489 3864 legittimi
504 3779 658 3863 ponderis
670 3779 746 3846 sint.
783 3777 1015 3861 Cuiuscunque
1025 3799 1104 3844 vero
1115 3776 1271 3862 ponderis

171 3884 298 3950 inuenti
318 3883 440 3949 fuerint
458 3903 607 3949 seorsum
629 3883 733 3949 mittit
752 3882 785 3947 in
805 3881 939 3966 ciphum
956 3882 1072 3947 libram
1090 3901 1189 3946 unam
1206 3880 1271 3948 hoc

170 3998 221 4054 est
236 4008 298 4052 xx.
311 3985 438 4052 solidos
453 4007 498 4052 ex
513 3985 635 4068 quibus
652 4004 795 4052 examen
817 3983 886 4063 fiat,
902 3983 1046 4068 reliquos
1062 4003 1141 4049 vero
1161 3983 1269 4048 xxiiii.
1283 4007 1316 4060 35

170 4089 296 4155 solidos
311 4089 415 4154 mittit
430 4087 464 4153 in
480 4087 635 4154 loculum.
680 4088 767 4154 Item
788 4089 856 4154 duo
875 4087 1000 4152 denarii
1020 4095 1132 4171 preter
1151 4085 1270 4154 libram

208 4255 401 4341 lpropriisC
453 4255 638 4342 aminollfR
693 4257 710 4314 8
721 4257 1011 4330 possmusetomss
1060 4255 1210 4330 9quilibet
1221 4257 1269 4314 N:

168 4330 338 4400 qualibetR
393 4327 653 4402 .16Qura]QurC
723 4341 756 4400 19
768 4327 808 4401 tc]
823 4329 899 4386 deC
