3228 4868
351 305 414 372 104
718 289 785 360 oa
807 287 1081 359 scnccnmo
1323 290 1448 385 [nnn

346 487 461 533 verum
476 465 578 533 etiam
597 485 656 551 per
669 465 858 530 uniuersum
876 483 1017 548 regnum
1035 466 1232 549 presidentis
1248 467 1445 554 dignitatem

347 571 535 656 optinuerit.
597 569 664 635 Hic
693 568 796 635 semel
825 568 1017 634 imminente
1045 569 1232 636 visitatione
1261 592 1446 650 nemorum,

346 695 449 759 quam
472 674 669 757 regnandam
691 671 792 758 vulgo
814 673 937 750 dicunt,
951 694 1019 758 que
1044 673 1143 740 tertio
1164 694 1253 740 anno
1275 675 1323 752 fit,
1344 675 1446 741 breue

347 780 433 864 regis
453 778 597 844 obtinuit
617 787 655 844 vt
676 778 808 860 quietus
829 785 917 842 esset
938 779 982 843 ab
1003 777 1065 842 hiis
1087 798 1153 862 que
1174 779 1218 843 de
1237 787 1325 844 terra
1343 779 1445 865 ipsius

318 899 407 969 ⁵pr0
438 883 571 949 essartis
603 880 832 966 exigebantur,
863 881 1017 968 apposito
1052 902 1190 948 numero
1222 883 1280 966 qui
1309 884 1354 949 de
1380 884 1444 951 biis

347 987 540 1072 exurgebat
586 985 663 1069 Quo
683 985 795 1052 delato
816 995 851 1050 et
870 984 956 1052 lecto
974 987 1019 1051 ad
1038 987 1239 1052 scaccarium
1260 988 1294 1051 in
1309 987 1444 1072 publico

346 1092 525 1177 stupebant
553 1111 669 1156 omnes
691 1099 726 1156 et
752 1089 966 1168 mirabantur,
987 1089 1135 1156 dicentes
1161 1090 1303 1156 ‘Nonne
1331 1111 1445 1158 comes

345 1197 408 1262 iste
437 1194 624 1261 libertatem
654 1203 801 1260 nostram
831 1192 1017 1260 infirmat?'
1073 1193 1314 1261 Contuentibus
1343 1195 1444 1279 igitur

345 1322 381 1367 se
398 1301 540 1366 inuicem
562 1297 618 1382 qui
640 1299 829 1364 assidebant
850 1317 991 1364 exorsus
1009 1307 1061 1364 est
1083 1297 1184 1364 felicis
1204 1299 1363 1364 memorie
1381 1301 1443 1365 Ni-

301 1434 333 1482 ιο
345 1405 459 1490 gellus,
474 1415 553 1472 tunc
571 1403 723 1487 Elyensis
743 1402 927 1486 episcopus,
942 1401 989 1466 sic
1008 1401 1159 1487 inquiens
1178 1422 1254 1466 cum
1270 1404 1442 1470 modestia

345 1509 511 1574 ‘Domine
530 1525 651 1584 comes,
666 1506 791 1572 irritam
808 1505 924 1571 fecisse
940 1505 1062 1570 videris
1077 1525 1137 1588 per
1154 1505 1218 1571 hoc
1236 1504 1337 1571 breue
1352 1527 1442 1574 scac-

344 1612 422 1678 carii
445 1611 651 1697 dignitatem,
666 1612 724 1693 qui
745 1610 941 1676 mandatum
963 1609 1049 1692 regis
1071 1610 1115 1674 de
1135 1609 1199 1674 hiis
1220 1610 1318 1676 rebus
1337 1611 1441 1696 impe-

346 1717 440 1782 trasti
470 1737 491 1782 a
520 1714 640 1799 quibus
663 1714 745 1780 liber
774 1734 810 1780 es
839 1733 900 1796 per
929 1715 1107 1778 sessionem
1134 1715 1311 1793 scaccarii;
1348 1715 1443 1780 acsi

344 1829 582 1906 consequenter
596 1821 719 1886 amodo
739 1840 799 1902 per
816 1818 962 1884 locuma
982 1817 1096 1884 maiori
1112 1817 1234 1882 debeat
1253 1818 1369 1896 inferri,
1384 1821 1441 1904 qui

299 1949 330 2004 15
344 1926 387 1991 de
401 1925 534 1990 essartis
548 1924 650 1988 breue
664 1923 750 2008 regis
766 1942 832 1988 non
848 1921 985 2002 obtinet,
1000 1921 1157 1988 solutioni
1178 1943 1260 1988 mox
1274 1923 1442 1990 obnoxius

344 2027 411 2094 fiat.
457 2025 526 2106 Set,
548 2023 641 2092 salua
662 2026 855 2104 reuerentia,
873 2025 1075 2112 perniciosus
1096 2035 1156 2101 est,
1171 2035 1307 2110 propter
1328 2047 1441 2092 exem·

342 2132 445 2216 plum,
459 2131 513 2197 hic
527 2129 746 2197 absolutionis
757 2129 898 2197 modus.'
942 2127 1028 2195 Cum
1043 2128 1151 2214 igitur,
1164 2140 1202 2196 vt
1217 2129 1256 2196 fit
1270 2131 1304 2194 in
1318 2131 1441 2212 dubiis,

343 2235 476 2318 quidam
502 2233 557 2314 sic,
583 2233 718 2318 quidam
745 2233 840 2300 aliter
868 2233 1035 2310 sentirent,
1061 2231 1180 2298 allatus
1210 2233 1319 2298 estin
1345 2234 1441 2300 huius

343 2338 389 2402 rei
410 2337 549 2404 validius
570 2347 811 2422 argumentum,
826 2337 954 2403 rotulus
973 2336 1101 2402 annalis
1123 2338 1164 2402 de
1184 2345 1335 2421 tempore
1354 2339 1441 2422 regis

298 2475 329 2512 ιο
344 2441 428 2506 illius
454 2441 574 2526 magni,
601 2441 694 2506 cuius
718 2461 819 2526 supra
843 2439 1062 2524 meminimus,
1083 2443 1146 2506 sub
1167 2461 1235 2525 quo
1261 2440 1440 2525 plurimum

343 2545 492 2612 floruisse
513 2546 635 2611 dicitur
655 2545 800 2630 dignitas
817 2553 851 2610 et
873 2544 1011 2610 scientia
1032 2545 1195 2623 scaccarii,
1210 2553 1245 2609 et
1266 2545 1438 2612 inuentum

342 2661 392 2716 est
406 2649 530 2734 aliquid
546 2649 635 2734 quod
651 2649 806 2733 episcopo
821 2649 864 2713 de
878 2649 1040 2732 dignitate
1054 2649 1268 2714 residentium
1280 2648 1437 2735 alleganti

306 2777 328 2827 F
342 2775 524 2822 consonum
539 2754 736 2818 videbatur..
781 2751 913 2836 Quibus
927 2752 1050 2818 auditis
1070 2753 1238 2837 paulisper
1252 2751 1440 2819 deliberans

342 2880 453 2925 secum
467 2879 580 2925 comes
594 2859 641 2924 sic
652 2858 700 2924 ait
714 2857 852 2922 ‘Fateor
864 2876 917 2921 me
932 2876 1032 2939 super
1045 2855 1109 2922 hiis
1119 2857 1220 2921 breue
1235 2857 1320 2940 regis
1332 2857 1438 2942 impe·

294 2983 327 3035 25
341 2975 455 3043 trasse,
469 2983 535 3028 non
546 2972 583 3026 vt
594 2962 643 3027 ius
654 2971 800 3027 vestrum
813 2959 1021 3034 infirmarem,
1032 2969 1084 3025 set
1095 2968 1133 3025 vt
1147 2961 1274 3026 sicsine
1286 2960 1439 3028 molestia

340 3066 540 3133 declinarem
579 3066 790 3150 inportunam
831 3063 937 3142 nimis,
970 3063 1039 3148 regi
1076 3071 1188 3129 tamen
1226 3065 1438 3150 incognitam,

339 3169 538 3235 Alaniorum
560 3166 789 3235 exactionem!
835 3167 1008 3234 Abdicans
1029 3187 1109 3253 ergo
1134 3168 1236 3234 breue
1261 3191 1357 3235 suum
1377 3191 1438 3255 per

339 3272 526 3340 libertatem
542 3273 694 3338 sessionis
710 3272 869 3356 preelegit
880 3272 1018 3339 absolui.
1064 3271 1269 3339 Succedente
1284 3285 1438 3360 tempore

339 3399 415 3444 cum
442 3379 609 3463 predictus
637 3377 812 3464 episcopus
836 3377 1027 3444 infirmitate
1051 3379 1206 3444 detentus
1230 3380 1347 3446 adesse
1370 3401 1438 3448 non

293 3517 326 3568 30
339 3494 461 3567 posset,
486 3503 541 3548 me
567 3481 641 3565 ipso
664 3481 842 3567 supplente
864 3483 908 3548 ad
932 3481 1131 3548 scaccarium
1156 3483 1247 3548 vices
1274 3485 1378 3569 ipsius
1403 3487 1438 3552 in

338 3589 456 3673 quibus
485 3597 647 3673 poteram,
676 3587 816 3670 contigit
850 3597 974 3653 essarta
1002 3586 1095 3653 solui.
1153 3587 1239 3653 Cum
1276 3611 1358 3673 ergo
1393 3593 1438 3658 de

337 3693 487 3761 dominio
507 3693 576 3759 eius
590 3702 711 3759 exacta
732 3693 945 3770 soluerentur,
962 3702 1099 3775 questus
1121 3711 1194 3757 sum
1214 3693 1248 3757 in
1267 3693 1438 3776 publicum

337 3796 485 3881 allegans
500 3797 550 3863 ius
564 3796 787 3862 absolutionis.
835 3795 888 3860 De
907 3795 1075 3860 communi
1092 3814 1172 3879 ergo
1193 3797 1341 3862 omnium
1356 3817 1436 3865 con·

338 3901 412 3967 silio
428 3909 463 3966 et
482 3901 751 3983 consideratione,
765 3920 831 3984 que
850 3899 917 3964 iam
934 3897 1044 3965 soluta
1063 3897 1172 3966 suerat
1188 3899 1267 3964 mihi
1285 3901 1439 3970 restituta

375 4098 601 4156 retiamom.R
654 4097 810 4168 4terrisC
855 4094 1054 4170 spmeerR
1105 4097 1443 4170 70mnesstupebeutC

338 4169 553 4240 9Nichellusc
599 4183 633 4225 10
643 4180 710 4226 trine
722 4170 816 4224 om.R
877 4168 1131 4237 14amodoonaR
1186 4179 1218 4236 17
1231 4167 1438 4228 absnlitationis

337 4242 375 4296 N
434 4254 466 4310 19
483 4239 642 4296 validusN
696 4239 1069 4310 validius...regisom.R
1121 4251 1154 4294 21
1173 4249 1202 4294 et
1214 4246 1281 4294 ante
1293 4239 1437 4299 inuentum

338 4312 431 4367 oriali
495 4325 529 4364 22
547 4311 727 4382 quodomdi
798 4311 995 4382 uatem-R
1066 4324 1101 4382 30
1119 4309 1196 4366 vices
1208 4311 1302 4368 om.R
