3228 4868
184 282 198 335 1
215 291 239 335 x
255 263 294 360 n]
551 271 618 338 DE
642 269 916 340 SCACCARIO
1243 289 1285 358 99

183 441 289 509 leodis
304 441 450 510 militum
470 463 635 510 summam
654 443 800 528 aliquam
819 443 913 521 solui,
930 463 1077 510 marcam
1095 443 1221 510 scilicet
1235 445 1288 510 vel

183 543 304 612 libram
327 567 438 629 vnam,
463 549 551 614 vnde
575 547 735 614 militibus
760 547 927 634 stipendia
948 547 1001 615 vel
1028 549 1188 614 donatiua
1213 567 1288 614 suc·

184 651 316 717 cedant.
376 651 508 718 Mauult
528 652 618 717 enim
639 653 792 738 princeps
813 652 1033 736 stipendarios
1050 671 1152 736 quam
1167 652 1284 718 dome-

183 755 283 821 sticos
303 755 433 821 bellicis
452 774 624 842 opponere
646 756 784 821 casibus
829 755 904 822 Hec
923 757 1037 840 itaque
1054 775 1195 835 summa,
1208 756 1288 838 quia

183 859 318 924 nomine
332 868 502 924 scutorum
518 859 667 939 soluitur,
681 859 867 944 scutagium
885 869 1104 944 nuncupatur.
1147 857 1207 924 Ab
1221 859 1285 924 hac
1300 885 1315 936 ⁵

183 971 297 1028 autem
313 963 417 1046 quieti
431 972 510 1029 sunt
524 965 568 1030 ad
583 964 783 1030 scaccarium
799 964 990 1030 residentes.

227 1067 331 1133 Porro
360 1069 532 1134 murdrum
561 1069 693 1152 proprie
720 1067 839 1133 dicitur
867 1089 958 1134 mors
986 1067 1125 1134 alicuius
1154 1057 1324 1171 occulta}

183 1172 276 1236 cuius
291 1171 482 1238 interlector
496 1171 674 1258 ignoratur.
721 1173 894 1238 Murdrum
913 1173 1001 1238 enim
1019 1173 1110 1238 idem
1129 1173 1284 1254 estquod

182 1275 414 1342 absconditum
428 1275 482 1341 vel
496 1275 674 1342 occultum.
721 1277 761 1341 In
776 1277 946 1361 primitiuo
960 1277 1073 1361 itaque
1086 1275 1178 1360 regni
1193 1284 1283 1340 statu

182 1390 260 1464 post
284 1379 559 1463 conquisitionem
587 1381 644 1464 qui
672 1380 777 1446 relicti
803 1379 933 1446 fuerant
955 1380 1000 1445 de
1026 1379 1177 1465 Anglicis
1203 1371 1350 1444 sub-10'

144 1547 147 1552 ,
181 1485 274 1560 actis,
297 1483 331 1548 in
353 1493 542 1568 suspectam
563 1494 598 1549 et
618 1503 756 1550 exosam
775 1484 839 1550 sibi
858 1476 1128 1550 Normannonrm
1147 1492 1281 1567 gentem

181 1586 322 1652 latenter
338 1587 509 1671 ponebant
524 1587 668 1667 insidias,
683 1597 719 1654 et
736 1588 859 1673 passim
878 1588 968 1671 ipsos
988 1588 1022 1652 in
1041 1587 1231 1653 nemoribus
1246 1595 1283 1651 et

180 1689 262 1757 locis
277 1693 422 1770 remotis,
437 1701 535 1757 nacta
550 1692 811 1776 opportunitate,
825 1691 976 1758 clanculo
991 1691 1195 1776 iugulabant.
1241 1689 1281 1756 In

180 1814 321 1878 quorum
341 1797 466 1861 vltione
491 1817 569 1862 cum
592 1805 743 1882 regesvet
766 1817 880 1862 eorum
907 1796 1048 1862 ministri
1073 1815 1134 1880 per
1153 1794 1281 1879 aliquot

180 1919 286 1964 moos
314 1899 489 1982 exquisitis
518 1911 763 1967 tormentorum
784 1899 961 1984 generibus
982 1900 1015 1964 in
1037 1899 1200 1984 Anglicos
1221 1898 1280 1964 de·
1295 1918 1324 1969 15

89 2052 93 2060 .
179 2004 332 2082 seuirent,
347 2025 408 2071 nec
424 2013 538 2070 tamen
556 2005 604 2070 sic
623 2005 759 2070 omnino
781 2005 990 2080 desisterent,
1005 2004 1040 2069 in
1058 2003 1124 2070 hoc'
1143 2004 1280 2068 tandem

180 2106 375 2174 deuolutum
395 2119 447 2175 est
469 2109 653 2188 consilium,
678 2118 717 2174 vt
739 2108 928 2186 centuriata,
946 2128 1047 2192 quam
1069 2106 1279 2172 hundredum

179 2211 303 2291 dicunt,
336 2213 370 2278 in
399 2233 466 2297 qua
495 2214 542 2279 sic
572 2213 763 2280 interiectus
796 2213 1010 2278 Normannus
1041 2209 1280 2286 inueniebatur,

178 2317 268 2400 quod
284 2317 400 2382 mortis
419 2316 489 2382 eius
508 2317 656 2382 minister
669 2337 736 2382 non
756 2318 904 2398 extabat,
918 2335 979 2382 nec
998 2335 1058 2401 per
1075 2313 1189 2398 fugam
1203 2314 1278 2397 quis

177 2429 266 2485 esset
280 2420 427 2503 patebat,
442 2421 476 2485 in
491 2441 656 2486 summam
677 2422 839 2505 grandem
854 2419 983 2506 argenti
1001 2417 1182 2498 examinati
1197 2416 1278 2482 fisco
1293 2447 1324 2484 πο

176 2523 497 2607 condempnaretur3
520 2527 664 2608 quedam
685 2525 810 2591 scilicet
826 2525 861 2590 in
875 2524 986 2590 xxxvi
1004 2523 1115 2601 libras,
1131 2522 1276 2606 quedam

177 2627 211 2691 in
238 2625 324 2692 xliiii
352 2627 463 2708 libras,
486 2629 667 2694 secundum
693 2627 841 2694 locorum
867 2628 1094 2694 diuersitatem
1120 2636 1155 2692 et
1178 2627 1277 2692 inter·

175 2729 328 2796 iectionis
342 2731 571 2816 frequentiam.
616 2731 718 2816 Quod
734 2733 811 2798 ideo
826 2731 952 2799 iactum
965 2732 1090 2810 dicunt,
1104 2720 1143 2797 vt¹
1152 2729 1276 2798 scilicet

176 2852 264 2916 pena
284 2835 481 2918 generaliter
495 2835 620 2903 inflicta
642 2837 902 2922 pretereuntium
926 2835 1178 2902 indemnitatem
1199 2853 1275 2918 pro·

175 2949 315 3019 curaret,
329 2948 364 3004 et
384 2940 557 3006 festinaret
579 2941 720 3025 quisque
742 2950 874 3006 tantum
892 2940 1009 3026 punire
1030 2938 1199 3018 delictum,
1222 2937 1275 3004 vel
1290 2964 1320 3016 ²⁵

175 3041 294 3108 offerre
308 3043 428 3109 iudicio
442 3065 617 3130 perquem
633 3053 702 3110 tam
718 3045 864 3112 enormis
878 3045 1004 3112 iactura
1017 3053 1126 3110 totam
1140 3043 1276 3110 ledebat

174 3147 338 3212 viciniam.
382 3146 441 3214 Ab
455 3147 583 3229 horum,
596 3159 634 3216 vt
648 3150 866 3234 prediximus,
880 3149 1046 3216 solutione
1063 3148 1217 3215 sedentes
1231 3148 1276 3214 ad
1371 3231 1373 3236 Ι

174 3249 325 3318 tabulam
340 3251 461 3320 liberos
476 3273 629 3319 noueras.

218 3354 417 3441 Discipulus.
462 3357 635 3442 Numquid
655 3379 717 3443 pro
736 3357 872 3423 murdro
892 3359 992 3424 debet
1009 3357 1165 3444 imputari
1182 3355 1273 3425 clan-

175 3460 305 3527 destina
320 3481 410 3528 mors
423 3461 660 3547 Anglicisicut
675 3459 884 3528 Normanni?
1287 3481 1320 3532 30

218 3563 396 3648 Magister.
439 3566 476 3632 A
495 3567 602 3652 prima
617 3565 824 3632 institutione
843 3586 909 3632 non
928 3565 1029 3632 debet
1043 3565 1129 3632 sicut
1143 3565 1274 3644 audisti,

174 3668 306 3735 setiam
321 3668 588 3737 cohabitantibus
603 3668 755 3754 Anglicis
770 3679 805 3736 et
821 3669 1022 3736 Normannis
1037 3679 1072 3736 et
1086 3670 1307 3736 altematimx
1412 3699 1418 3714 ·

172 3793 295 3838 vxores
305 3773 504 3839 ducentibus
514 3774 566 3864 vel
576 3773 787 3863 nubentibus,
798 3774 845 3840 sic
855 3775 1020 3860 permixte
1030 3783 1109 3842 sunt
1122 3771 1273 3840 nationes

172 3886 208 3941 vt
222 3878 282 3942 vix
297 3878 430 3944 decerni
445 3879 550 3964 possit
565 3864 678 3958 bodie,
692 3879 736 3946 de
751 3877 861 3945 liberis
881 3878 1007 3962 loquor,
1021 3877 1094 3962 quis
1108 3877 1273 3960 Anglicus

172 3981 245 4065 quis
261 3981 476 4046 Normannus
496 3981 540 4048 sit
554 4002 674 4066 genere
688 4006 696 4061 ;
722 3984 872 4068 exceptis
887 3983 1064 4049 dumtaxat
1083 3983 1272 4067 ascriptitiis
1285 3997 1316 4050 35

172 4085 228 4169 qui
254 4085 368 4151 villani
393 4085 555 4164 dicuntur,
583 4085 703 4170 quibus
724 4107 792 4153 non
817 4097 868 4154 est
889 4087 1039 4168 liberum,
1061 4087 1272 4154 obstantibus

183 4191 477 4275 'avnde]vnumR
590 4205 624 4262 16
642 4203 822 4277 in]etiamR
927 4205 1276 4281 3opostsicntaddctC

169 4289 204 4346 32
224 4275 576 4348 altematimscrrssst'mus:
594 4276 756 4334 alterutrum
770 4278 848 4335 codd.
