3228 4868
343 283 385 368 98
712 283 778 350 ou
802 280 1078 351 scnccnmo
1298 278 1327 372 [1
1341 282 1442 348 vrun

341 459 539 527 factumest
564 471 599 528 vt
623 461 714 545 quod
741 459 907 525 indultum
937 469 988 526 est
1011 459 1171 544 patribus,
1194 467 1228 524 et
1250 479 1338 526 nunc
1366 480 1441 543 per·

341 576 470 632 seueret
485 566 518 629 in
533 562 693 650 posteris!
738 565 856 632 Simile
874 574 987 631 autem
1001 564 1079 631 huic
1093 561 1217 647 aliquid
1236 565 1443 648 temporibus

342 670 509 736 modernis
523 689 585 736 nos
599 672 720 737 vidisse
739 670 956 749 meminimus,
971 669 1061 754 quod
1077 677 1186 734 tractu
1201 669 1361 752 temporis
1378 669 1442 735 sub

341 773 504 839 consimili
524 776 700 840 verborum
720 783 835 841 tenore
852 773 916 839 hiis
933 773 991 857 qui
1009 773 1138 840 absolui
1156 774 1334 839 meruerint
1352 793 1442 838 com-

313 879 521 962 sputabitur.
582 878 733 964 Precepit
759 899 903 963 namque
928 879 1085 944 dominus
1111 897 1173 943 rex
1197 877 1363 944 Henricus
1389 899 1439 945 se·

340 985 468 1049 cundus
483 983 515 1048 in
536 983 677 1049 termino
694 981 800 1049 sancti
819 982 993 1049 Michaelis
1011 981 1117 1046 xxiiii.
1135 983 1213 1047 anni
1231 983 1323 1066 regni
1339 983 1388 1048 sui
1403 994 1441 1050 vt

340 1086 462 1152 milites
474 1087 605 1171 Templi
621 1097 655 1154 et
668 1088 783 1153 iratres
800 1085 986 1172 Hospitalis
1001 1095 1035 1151 et
1047 1085 1200 1153 monachi
1216 1084 1440 1154 Cistercieusis

341 1191 474 1270 ordinis,
500 1192 622 1275 quibus
643 1211 704 1276 per
724 1197 817 1256 carte
833 1211 894 1255 sue
915 1189 1103 1255 libertatem
1123 1188 1224 1274 longe
1248 1200 1326 1256 ante
1347 1191 1440 1274 quie·

339 1295 481 1360 tantiam
511 1295 693 1361 indulserat
721 1295 872 1360 omnium
907 1314 973 1378 que
1004 1295 1049 1360 ad
1080 1294 1234 1360 denarios
1264 1296 1440 1378 pertinent,

295 1425 327 1466 ro
340 1409 483 1484 excepta
499 1399 623 1464 iustitia
638 1399 755 1465 mortis
770 1409 804 1464 et
820 1398 1053 1477 membrorum,
1069 1399 1192 1464 amodo
1207 1400 1311 1482 quieti
1327 1411 1439 1466 essent

339 1505 382 1569 de
407 1505 472 1570 hiis
497 1503 650 1570 omnibus
671 1523 737 1588 que
754 1504 798 1568 ad
824 1502 979 1568 denarios
1001 1523 1061 1586 per
1087 1503 1236 1588 singulos
1261 1505 1439 1571 comitatus

338 1609 551 1692 pertinerent,
578 1609 663 1673 adeo
685 1617 722 1672 vt
743 1607 787 1672 de
808 1617 921 1673 cetero
943 1616 1050 1672 cartas
1073 1627 1148 1672 suas
1169 1607 1213 1671 ad
1235 1608 1437 1673 scaccarium

338 1711 465 1778 deleme
484 1733 551 1777 non
570 1719 771 1795 cogerentur.
818 1711 895 1784 Hoc
913 1710 1000 1776 enim
1020 1712 1110 1794 regie
1132 1711 1267 1794 pietatis
1290 1712 1439 1778 decreuit

337 1815 526 1896 auctoritas,
547 1825 584 1882 vt
613 1817 660 1882 sic
689 1814 792 1881 semel
820 1813 984 1880 baronum
1010 1815 1273 1880 consideratione
1302 1817 1346 1882 de
1374 1816 1438 1882 hiis

294 1920 493 2000 15omnibus
509 1921 767 2004 expedirentur;
787 1939 829 1984 ne
844 1919 901 2003 qui
911 1921 954 1985 ad
964 1917 1092 2004 frugem
1101 1919 1168 1985 vite
1177 1921 1320 1985 melioris
1329 1931 1438 1988 trans·

337 2023 446 2089 ierunt
461 2033 495 2090 et
517 2023 721 2090 orationibus
736 2023 848 2108 potius
867 2043 984 2090 vacare
999 2031 1162 2104 tenentur,
1177 2025 1220 2089 ad
1235 2025 1435 2090 scaccarium

310 2137 473 2212 1propter
498 2129 561 2194 hoc
582 2147 658 2193 cum
680 2127 779 2192 cartis
801 2127 869 2192 suis
892 2127 1043 2194 inutilem
1065 2139 1099 2194 et
1121 2129 1284 2195 tediosam
1307 2149 1437 2195 moram

336 2231 444 2298 facere
473 2231 723 2316 compellantur.
784 2231 933 2298 Consilio
971 2233 1072 2318 igitur
1100 2242 1135 2299 et
1171 2234 1437 2301 consideratione

335 2335 496 2402 baronum
522 2337 580 2418 qui
605 2333 822 2402 interfuerunt
848 2335 1047 2402 factumest
1072 2339 1173 2403 breue
1198 2337 1322 2404 domini
1349 2339 1436 2422 regis

292 2466 324 2504 so
337 2439 399 2504 sub
413 2439 477 2505 hoc
492 2449 607 2504 tenore
625 2437 765 2506 ‘Clamo
783 2441 915 2524 quietos
930 2441 1051 2508 milites
1065 2441 1197 2526 Templi
1215 2443 1259 2507 de
1272 2465 1302 2507 v.
1317 2445 1435 2508 marcis

335 2561 401 2626 que
416 2543 595 2626 exiguntur
609 2543 653 2607 ab
664 2542 854 2610 hominibus
868 2564 983 2610 eorum
998 2565 1058 2629 pro
1073 2544 1214 2623 deiectu,
1225 2553 1259 2610 et
1274 2546 1435 2630 prohibeo

335 2667 378 2712 ne
400 2649 522 2714 amodo
543 2645 587 2711 ab
606 2647 685 2733 ipsis
707 2646 760 2712 vel
782 2647 970 2714 hominibus
991 2669 1105 2714 eorum
1124 2647 1177 2714 vel
1196 2650 1291 2716 terris
1308 2649 1434 2740 aliquid

335 2751 491 2836 exigatur
504 2751 557 2816 vel
572 2751 723 2836 capiatur
733 2752 824 2836 quod
837 2753 880 2818 ad
891 2754 1044 2819 denar10s
1059 2753 1231 2839 pertineat.
1277 2755 1435 2820 Testibus

336 2855 402 2920 hiis
417 2853 482 2921 ibi.’
527 2853 582 2920 Sic
598 2864 633 2920 et
648 2854 807 2920 fratribus
823 2856 1012 2940 Hospitalis
1027 2869 1061 2924 et
1079 2858 1250 2923 monachis
1265 2859 1434 2942 predictis.

290 2985 321 3040 ²⁵
338 2959 448 3025 Huius
461 2967 574 3026 autem
586 2957 785 3024 auctoritate
800 2959 947 3026 mandati
958 2963 1083 3028 amodo
1097 2981 1157 3046 per
1167 2962 1315 3046 singulos
1330 2965 1433 3029 comi·

334 3071 424 3128 tatus
448 3063 490 3129 de
511 3063 664 3128 omnibus
685 3082 752 3147 que
780 3065 824 3128 ad
849 3065 1001 3131 denarios
1026 3067 1192 3151 pertinent
1210 3061 1312 3150 quieti
1336 3077 1435 3134 erunt

336 3168 384 3234 sic
404 3175 442 3232 vt
454 3167 584 3232 dicatur
599 3166 633 3230 in
647 3165 759 3232 annali
781 3167 842 3231 ‘In
858 3169 1013 3252 perdonis
1028 3191 1088 3254 per
1107 3169 1209 3236 breue
1231 3169 1335 3256 regis,’
1350 3171 1431 3240 illud

333 3271 456 3337 scilicet
471 3271 562 3336 cuius
577 3289 676 3354 supra
691 3271 909 3337 meminimus.

377 3374 574 3458 Ducipulus.
605 3372 696 3439 Satis
708 3373 857 3441 intellexi
866 3378 957 3460 quod
969 3377 1093 3443 dictum
1102 3388 1171 3456 est3
1188 3399 1274 3445 nunc
1285 3379 1314 3446 si
1322 3380 1434 3464 placet

289 3511 322 3566 ³0
337 3481 418 3564 quid
441 3481 484 3544 sit
499 3478 694 3562 scutagium,
705 3480 876 3544 murdrum
898 3480 951 3546 vel
973 3481 1197 3567 danegeldum
1217 3485 1343 3568 aperire
1364 3505 1433 3551 nou

339 3585 480 3650 differas.
525 3581 670 3648 Barbara
692 3581 826 3665 quidem
850 3604 922 3650 esse
943 3585 1095 3652 videntur
1117 3597 1168 3654 set
1188 3609 1229 3653 eo
1252 3589 1357 3673 magis
1379 3607 1433 3653 me

333 3688 512 3754 sollicitant
526 3685 616 3770 quod
632 3687 676 3750 ab
691 3685 753 3750 hiis
767 3688 850 3756 dicis
864 3689 987 3755 liberos
1002 3711 1074 3756 esse
1088 3692 1242 3757 scaccarii
1255 3691 1432 3758 ministros.

283 3786 320 3848 1¹
375 3793 551 3874 Magister.
594 3791 651 3858 Fit
679 3791 845 3859 interdum
875 3804 914 3860 vt
942 3793 1135 3860 imminente
1164 3795 1216 3860 vel
1241 3795 1432 3879 insurgente

332 3896 365 3960 in
388 3915 524 3980 regnum
544 3897 688 3965 hostium
704 3897 959 3976 machinatione,
975 3897 1131 3964 decernat
1154 3917 1215 3963 rex
1239 3899 1281 3964 de
1295 3899 1432 3983 singulis

368 4015 544 4085 §Henricus
557 4019 644 4074 rexC
713 4031 743 4074 11
764 4017 813 4091 qui
825 4017 885 4072 NR
956 4033 989 4088 13
1008 4019 1163 4076 decreuerit
1177 4021 1203 4075 C
1272 4033 1306 4090 19
1320 4019 1432 4076 domini

330 4087 422 4142 nnuc
502 4100 534 4143 21
555 4089 734 4146 omnibusN
817 4101 850 4158 25
869 4091 1069 4146 autemonnR
1157 4103 1191 4158 27
1210 4091 1432 4148 sicvthorr.:

330 4166 360 4212 vt
373 4156 453 4213 sicC
523 4171 558 4227 29
570 4176 623 4214 nec
636 4159 662 4213 R
731 4175 768 4230 30
779 4163 847 4231 post
858 4159 1014 4229 scutagium
1031 4160 1097 4217 add.
1109 4162 1258 4233 aperireR
1319 4177 1350 4234 31
1372 4161 1431 4232 me]

330 4228 416 4355 negt
506 4241 540 4298 32
558 4229 662 4356 ”hiim
673 4231 774 4288 esseC
872 4244 907 4302 33
918 4232 962 4288 vel
973 4231 1026 4290 ins.-
1032 4235 1101 4303 pos!
1111 4233 1321 4291 machinatione
1326 4237 1433 4306 ponR

330 4314 365 4370 34
399 4309 576 4356 ecemstom.
