3228 4868
187 289 217 340 11
235 297 259 341 x
275 271 314 364 c]
555 275 622 342 DE
646 273 918 344 SCACCARIO
1226 298 1287 366 ¹33

187 447 315 513 dictum
330 455 391 524 est,
401 445 575 528 tolluntur,
589 456 624 514 et
638 447 759 514 abhinc
770 447 851 514 fisco
866 447 999 514 cedunt.
1042 447 1170 515 Verum
1182 449 1209 516 si
1225 450 1289 518 isa

186 572 255 635 quo
278 552 407 617 tollitur
428 561 637 636 occupatum,
657 562 774 618 auctor
794 563 846 618 est
867 553 954 630 lacti,
976 551 1073 618 simul
1096 554 1207 632 etiam,
1224 555 1288 620 nisi

186 676 248 720 rex
265 656 295 720 ei
315 655 509 739 pepercerit,
524 657 742 740 pecuniariter
763 651 1142 741 grauissime'punietur.
1187 657 1289 742 Quod

184 759 214 825 si
238 781 306 825 non
329 770 447 826 auctor
472 768 524 825 set
541 759 637 826 heres
662 761 806 826 auctoris
829 761 935 840 luerit,
958 761 1002 826 ad
1026 781 1147 844 penam
1168 763 1288 827 sufficit

185 863 280 929 tundi
297 863 445 929 eiusdem
464 863 537 930 sola
556 863 733 930 reuocatio.
780 865 837 928 Ex
857 884 925 947 quo
944 885 1033 947 sane,
1049 865 1134 931 sicut
1151 886 1196 930 ex
1217 865 1315 945 aliis5

185 967 344 1052 pluribus,
366 967 453 1053 regis
480 967 705 1034 misericordia
726 969 972 1054 comprobatur,
991 970 1071 1035 dum
1093 971 1195 1054 patris
1217 979 1287 1036 tam

186 1073 330 1137 enormis
345 1093 499 1138 excessus
519 1093 587 1137 non
606 1073 744 1156 punitur
763 1073 797 1138 in
817 1071 897 1153 filio,
914 1074 971 1157 qui
986 1074 1146 1158 usquead
1165 1074 1287 1140 laetam

184 1175 430 1260 inquisitionem
455 1176 586 1260 publice
609 1176 784 1262 potestatis
806 1177 934 1244 iactura
960 1177 1138 1244 ditabatur.
1183 1178 1287 1245 Porro

184 1279 338 1345 eschaete
352 1279 454 1364 vulgo
471 1281 627 1346 dicuntur
644 1300 720 1364 que,
735 1279 973 1346 decedentibus
992 1281 1056 1345 hiis
1071 1281 1128 1365 qui
1143 1282 1187 1346 de
1209 1301 1288 1366 rege

185 1390 302 1448 tenent
327 1383 360 1447 in
384 1384 502 1467 capite,
523 1403 600 1449 curn
626 1404 694 1449 non
720 1393 817 1450 extet
841 1384 970 1449 ratione
990 1384 1160 1474 sanguinis
1182 1384 1286 1462 heres,
1301 1409 1332 1447 ιο

184 1487 228 1554 ad
244 1486 361 1552 fiscum
382 1486 584 1553 relabuntur.
642 1487 697 1552 De
715 1486 779 1552 hiis
801 1497 914 1553 autem
935 1487 1032 1552 simul
1052 1508 1129 1554 cum
1151 1509 1286 1572 propre·

183 1593 283 1657 sturis
309 1591 457 1675 compoti
477 1591 561 1657 fiunt
582 1593 646 1658 sub
668 1613 733 1657 vna
754 1593 914 1677 scripture
936 1593 1028 1672 serie,
1049 1593 1096 1656 sic
1116 1601 1228 1658 tamen
1250 1602 1288 1659 vt

183 1695 389 1781 singulorum
417 1697 554 1762 nomina
578 1716 639 1779 per
664 1696 815 1762 ordinem
843 1697 1084 1780 exprimantur.
1127 1695 1179 1761 At
1208 1717 1285 1762 cum

183 1800 418 1884 paterfamilias
440 1799 546 1880 miles,
567 1799 619 1865 vel
641 1801 799 1879 seruiens,
819 1801 862 1866 de
884 1821 962 1884 rege
979 1811 1098 1867 tenens
1119 1800 1154 1865 in
1176 1801 1286 1884 capite

182 1904 241 1970 fati
263 1905 377 1970 debita
404 1904 552 1982 soluerit,
574 1904 696 1971 relictis
725 1915 841 1970 tamen
862 1903 974 1971 liberis
996 1925 1137 1989 quorum
1158 1905 1329 1988 primo-15

182 2009 313 2094 genitus
333 2008 441 2073 minor
462 2018 514 2074 est
538 2008 642 2085 annia,
665 2008 814 2074 redditus
840 2008 975 2092 quidem
1000 2009 1071 2074 eius
1095 2010 1140 2074 ad
1167 2007 1284 2076 fiscum

182 2114 342 2190 redeunt;
364 2112 423 2177 sed
446 2110 634 2177 huiusmodi
661 2131 728 2176 non
751 2111 945 2196 simpliciter
975 2111 1144 2178 ‘escaeta'
1166 2111 1285 2178 dicitur

181 2225 233 2281 set
252 2221 402 2282 ‘escaeta
423 2235 500 2282 cum
521 2214 661 2281 herede?
704 2215 804 2282 Vnde
826 2236 887 2282 nec
909 2215 1005 2280 heres
1026 2215 1071 2282 ab
1090 2215 1283 2296 hereditate,

182 2339 242 2385 nec
257 2321 299 2386 ab
315 2321 388 2405 ipso
403 2319 568 2385 hereditas
585 2319 722 2398 tollitur,
737 2331 789 2385 set
808 2318 907 2386 simul
921 2339 997 2385 cum
1018 2319 1201 2386 hereditate
1219 2320 1283 2386 sub

180 2425 268 2510 regis
286 2423 439 2490 custodia
453 2424 660 2504 constitutus,
676 2431 829 2507 tempore
843 2422 1014 2508 pupillaris
1035 2424 1133 2490 etatis
1147 2424 1191 2489 de
1210 2424 1283 2509 ipsa
1296 2457 1329 2494 ιο

182 2527 366 2593 hereditate
385 2547 446 2613 per
465 2527 574 2612 regios
593 2525 751 2593 officiales
769 2537 841 2592 tam
861 2527 932 2612 ipse
949 2546 1052 2609 quam
1072 2528 1172 2593 ceteri
1186 2527 1281 2593 liberi

181 2633 366 2697 necessaria
379 2629 567 2716 percipiunt
580 2656 589 2711 3
611 2639 721 2696 cetera
741 2650 831 2710 vero,
845 2651 910 2715 que
925 2632 968 2698 de
984 2631 1058 2714 ipsa
1072 2631 1281 2716 proueniunt,
1293 2647 1316 2701 c

181 2737 279 2821 regiis
293 2736 407 2801 usibus
422 2736 553 2801 cedunt.
591 2735 646 2800 De
660 2733 724 2799 hiis
734 2744 847 2800 autem
863 2755 1011 2800 seorsum
1025 2735 1173 2818 compoti
1186 2734 1282 2818 fiunt,

182 2841 338 2924 quianon
351 2849 512 2923 perpetuo
522 2849 573 2904 set
585 2839 733 2922 quodam
745 2838 921 2924 temporali
931 2839 1002 2904 iure
1012 2837 1092 2904 fisco
1106 2839 1280 2905 debentur.

181 2942 270 3010 Cum
284 2944 373 3009 enirn
387 2943 490 3025 heres,
502 2963 589 3008 nunc
604 2943 721 3024 minor,
733 2941 896 3028 legittime
911 2943 1009 3008 etatis
1023 2943 1165 3027 adeptus
1179 2942 1279 3008 bene·
1294 2967 1325 3020 ²⁵

178 3047 254 3114 ficia
270 3047 333 3114 sibi
354 3049 488 3132 suisque
507 3047 683 3131 disponere
701 3048 839 3138 nouerit,
860 3046 950 3130 quod
972 3046 1043 3110 iure
1060 3046 1123 3111 sibi
1140 3055 1280 3130 paterno

177 3153 363 3231 debetur,a
384 3152 476 3234 regia
497 3150 720 3217 munificentia
742 3150 907 3234 suscipiet,
929 3151 1066 3234 quidam
1088 3149 1199 3234 gratis,
1220 3170 1281 3234 per

177 3255 283 3322 solam
305 3254 431 3320 scilicet
452 3255 596 3338 gratiam
618 3255 784 3340 principis,
807 3254 945 3338 quidam
967 3253 1129 3337 promissa
1149 3273 1281 3319 summa

177 3359 299 3444 aliqua,
317 3359 360 3424 de
375 3378 443 3443 qua
457 3377 533 3424 cum
548 3367 724 3442 compotus
739 3357 807 3435 fiet,
819 3359 949 3424 dicetur
962 3358 996 3422 in
1008 3357 1118 3424 annali
1132 3356 1212 3424 ‘Ille
1225 3356 1278 3424 vel

176 3463 233 3528 ille
248 3462 358 3528 reddit
372 3471 568 3546 compotum
583 3462 627 3527 de
642 3481 669 3528 c.
685 3461 777 3527 libris
792 3462 836 3526 de
851 3461 974 3527 releuio
988 3471 1075 3528 terre
1095 3461 1200 3548 patris
1216 3461 1278 3528 sui.
1290 3481 1324 3533 30

176 3565 218 3630 1n
240 3565 397 3632 thesauro
419 3565 483 3631 hoc
505 3574 540 3632 et
561 3564 664 3631 debet
692 3563 776 3631 hoc!
821 3564 877 3631 De
904 3564 970 3630 hoc
996 3573 1111 3630 autem
1132 3564 1219 3630 vltra
1243 3563 1278 3629 in

174 3669 286 3735 annali
310 3677 485 3752 compotus
514 3689 582 3735 non
611 3667 669 3734 fiet
698 3681 776 3734 curn
801 3668 845 3734 ad
870 3665 988 3734 fiscum
1017 3667 1184 3754 posthoc
1209 3688 1278 3733 non

174 3775 298 3840 redeat.
342 3773 469 3840 Verum
485 3773 565 3838 dum
580 3773 614 3838 in
629 3793 728 3838 manu
744 3772 831 3859 regis
849 3781 901 3838 est
915 3773 959 3838 de
972 3772 1037 3839 hoc
1054 3773 1101 3838 sic
1116 3772 1278 3838 scribetur

172 3879 207 3942 in
222 3876 343 3943 annali.
392 3875 474 3942 ‘Ille
488 3877 674 3942 vicecomes
688 3877 798 3942 reddit
813 3884 1007 3961 compotum
1022 3876 1066 3942 de
1080 3873 1175 3940 firma
1189 3875 1276 3943 illius

172 3979 326 4063 honoris,'
348 3981 377 4046 si
403 3979 530 4046 scilicet
552 3980 690 4047 baronia
715 3989 775 4061 est,
798 3980 859 4045 ‘In
885 3979 1041 4047 thesauro
1063 3980 1149 4046 hoc:
1172 3979 1219 4046 Et
1241 3981 1275 4046 in
1288 3997 1319 4051 ³⁵

177 4127 179 4132 ’
209 4163 224 4222 ς
243 4149 381 4222 crudem]
394 4150 496 4207 susc
563 4149 761 4207 sueuauatur
775 4151 814 4206 c:
833 4149 974 4208 ditabatur
988 4149 1093 4207 cem.
1171 4149 1273 4224 911ns]

172 4223 245 4278 isN
298 4221 528 4280 raserieom.R
584 4223 616 4278 18
634 4221 746 4277 herede.
775 4221 1123 4280 VndenecheresoncR
1184 4237 1216 4295 19
1230 4234 1274 4280 set

172 4293 286 4351 ont-CR
356 4291 583 4375 3otenemC
651 4291 843 4364 35si0m.N
