3228 4868
330 283 393 356 150
698 267 772 334 ou·
788 265 1065 336 scnccnmo
1296 259 1343 358 [11
1360 273 1432 338 xvir

327 451 449 529 sponte
464 440 553 507 visus
571 449 622 506 est
641 440 802 524 optulisse
816 449 854 505 vt
873 439 921 504 sic
940 460 962 504 a
980 437 1239 506 summonitione
1257 438 1322 506 sibi
1344 442 1433 509 iacta

328 545 460 612 liberari
474 545 592 625 valent,
611 564 655 608 ne
674 564 695 609 a
713 543 866 610 debitore
884 541 1044 628 quolibet,
1063 545 1121 627 qui
1143 543 1214 628 regi
1235 565 1302 610 non
1322 546 1432 622 soluit,

328 651 460 714 interim
482 648 602 732 aliqua,
623 668 690 732 que
713 648 778 714 sibi
801 647 886 716 iuste
910 647 1129 726 debebantur,
1142 647 1311 732 suscipiat.
1352 648 1431 714 Non

328 753 418 818 enirn
436 751 614 818 verisimile
630 763 681 818 est
703 771 771 818 non
792 771 890 836 posse
904 752 1134 818 uioecomitem
1151 752 1195 816 de
1213 751 1339 818 catallis
1360 753 1432 818 eius

299 857 499 938 ,inuenisse
526 877 586 941 per
614 877 680 940 que
705 856 774 941 regi
803 855 922 922 debita
945 874 1080 920 summa
1100 853 1257 937 soluatur,
1282 856 1338 938 qui
1369 857 1433 940 ipsi

327 960 527 1040 vicecomiti,
541 970 663 1044 sponte
678 960 732 1025 vel
755 961 888 1039 inuitus,
902 959 994 1042 quod
1016 959 1252 1042 requirebatur,
1277 958 1433 1025 exsoluit.

328 1063 367 1132 Si
387 1076 500 1131 tamen
521 1075 600 1130 ante
614 1064 728 1130 datam
743 1062 846 1128 fidem
860 1083 920 1146 per
932 1081 969 1126 se
982 1061 1036 1128 vel
1051 1082 1110 1146 per
1123 1061 1227 1128 adum
1240 1064 1432 1128 recordatus

327 1168 427 1234 fuerit
438 1169 624 1234 vicecomes
643 1167 688 1233 de
706 1167 758 1232 bis
777 1166 889 1250 aliqua
907 1186 944 1232 se
962 1166 1151 1250 suscepisse,
1164 1165 1220 1232 vel
1238 1167 1340 1233 etiam
1354 1175 1433 1251 post

327 1272 452 1354 datam,
467 1273 615 1364 nondum
636 1280 751 1338 tamen
769 1271 880 1336 soluto
898 1271 1064 1337 scaccario
1082 1271 1151 1336 diei
1172 1270 1269 1350 iilius,
1284 1270 1349 1338 boc
1370 1281 1432 1348 est,

282 1377 408 1442 rodum
438 1385 614 1460 compotus
643 1375 715 1441 eius
744 1393 858 1442 recens
885 1383 948 1455 est,
972 1384 1008 1441 et
1032 1376 1166 1441 veniens
1196 1376 1231 1440 in
1260 1375 1432 1459 publicum

326 1479 464 1566 querula
477 1499 560 1546 voce
573 1499 610 1546 se
623 1479 768 1566 suscepti
781 1489 862 1546 tuuc
878 1478 1097 1544 inmemorem
1114 1479 1291 1560 constitisse,
1305 1478 1373 1544 fide
1387 1481 1432 1545 de

326 1583 379 1650 his
398 1583 524 1663 oblata,
536 1581 733 1650 confirmare
746 1581 898 1662 volucrit,
911 1590 1097 1667 susceptam
1117 1603 1282 1649 summam
1295 1583 1432 1649 nomine

326 1687 485 1753 debitoris
504 1687 696 1772 persoluens
715 1685 920 1774 liberabitur.
963 1683 1002 1750 Si
1018 1705 1107 1768 vero,
1127 1686 1218 1770 quod
1238 1684 1335 1766 absit,
1354 1697 1432 1770 post

326 1790 427 1858 fidem
443 1792 567 1871 datam,
582 1799 658 1875 post
676 1789 822 1856 solutum
842 1789 1053 1867 scaccarium,
1065 1789 1242 1874 petatium
1258 1789 1323 1856 boc
1337 1793 1431 1856 inno-

283 1923 294 1960 ι
298 1925 313 1978 5
326 1895 437 1980 tuerit,
452 1913 520 1961 non
540 1895 608 1959 iam
627 1904 783 1979 suscepta
799 1903 930 1960 tantum
949 1894 1083 1960 soluens
1097 1893 1289 1960 absoluetur
1302 1903 1355 1960 set
1369 1911 1432 1978 pro

326 2019 465 2066 excessu
491 2017 552 2064 suo
575 1996 609 2062 in
634 1999 722 2084 regis
746 1996 957 2082 beneplacito
984 1997 1180 2066 iudicandus
1209 1997 1429 2084 pecuniaritet

327 2103 489 2186 punietur.

371 2206 542 2272 Postremo
555 2203 783 2271 vicecomitem
798 2205 1040 2272 commonuisse
1058 2205 1201 2273 sufficiat
1214 2213 1252 2272 vt
1266 2215 1343 2290 post
1357 2225 1430 2271 sus·

327 2319 459 2395 ceptam
479 2309 774 2376 summonitionem
793 2309 972 2396 diligenter
986 2311 1133 2394 inquirat
1150 2330 1211 2394 per
1223 2309 1388 2388 viciniam
1402 2310 1431 2374 si

282 2450 315 2488 ,ο
326 2413 376 2480 tir
395 2413 453 2497 qui
472 2413 636 2480 soluendo
655 2431 722 2478 non
742 2422 793 2480 est
806 2435 947 2480 uxorem
967 2417 1100 2492 ducens,
1113 2411 1167 2480 vel
1187 2413 1304 2480 mulier
1318 2415 1433 2480 ditiori

326 2519 463 2594 nubens,
474 2517 528 2582 vel
539 2519 658 2602 quouis
672 2517 739 2585 alio
754 2520 858 2585 modo
868 2519 1018 2599 ditescat,
1029 2526 1192 2603 quatenus
1206 2517 1251 2584 de
1266 2518 1432 2602 requisitis

326 2621 514 2688 satisfacere
533 2622 664 2699 valeat3
694 2625 787 2708 quod
808 2624 835 2688 si
856 2623 1028 2690 inuentum
1047 2621 1156 2702 fuerit,
1173 2631 1309 2707 propter
1328 2620 1431 2688 fidem

325 2726 530 2793 vicecomitis
557 2725 687 2793 soluere
715 2726 944 2811 compellatur.
991 2725 1095 2812 Quod
1123 2725 1152 2792 si
1181 2727 1283 2793 nichil
1310 2726 1430 2792 horum

325 2829 498 2894 inuentum
527 2827 634 2907 fuerit,
660 2830 784 2913 poterit
809 2839 888 2896 tunc
914 2839 1058 2915 purgata
1080 2829 1282 2896 conscientia
1307 2830 1350 2895 de
1379 2829 1433 2893 his

282 2959 312 3012 ²5
327 2934 426 2998 rebus
448 2931 550 2999 fidem
572 2933 652 2999 dare
672 2941 708 3000 et
729 2933 957 3000 imminentem
980 2953 1089 3000 rerum
1113 2953 1248 3000 scarum
1269 2933 1431 3000 iacttuam

328 3035 500 3104 declinare.

231 3145 316 3210 xviii
371 3139 565 3224 Dricr'pulru.
609 3139 785 3226 Numquid
804 3140 855 3206 vir
876 3160 938 3225 pro
957 3159 1155 3226 uxoreque
1172 3139 1242 3226 regi
1256 3141 1432 3208 tenebatur

329 3253 364 3309 et
378 3243 438 3309 fati
454 3243 569 3310 debita
583 3244 650 3310 iam
663 3244 766 3312 soluit
778 3244 832 3312 vel
847 3265 912 3330 pro
923 3244 994 3313 viro
1008 3265 1071 3313 suo
1085 3245 1205 3312 mulbr
1218 3245 1250 3311 ei
1264 3251 1431 3331 superstes

326 3346 497 3414 conueniri
512 3346 636 3413 debet?

282 3479 316 3531 30
369 3450 546 3534 Magister.
578 3449 669 3518 Satis
679 3451 801 3518 audisti
812 3453 904 3536 quod
917 3453 992 3537 ‘qni
1001 3450 1156 3520 adheret'
1169 3451 1430 3532 mulieri‘vnum

327 3575 449 3639 corpus
469 3552 628 3634 efficitur,’
640 3556 688 3620 sic
710 3567 826 3623 tamen
846 3566 883 3623 vt
903 3565 1004 3643 caput
1024 3557 1094 3624 eius
1114 3557 1166 3624 sit.
1212 3557 1337 3624 Merito
1349 3577 1430 3642 ergo

327 3679 389 3742 pro
404 3679 444 3724 ea
463 3658 711 3725 conueniendus
732 3670 793 3742 est,
811 3660 891 3745 quia
910 3660 1046 3726 ‘mulier
1066 3662 1118 3726 sui
1140 3669 1347 3746 potestatem
1363 3679 1434 3726 non

327 3759 569 3828 habetsetvin'
601 3759 902 3847 Quodsivirexea
914 3764 1041 3848 prolem
1051 3764 1295 3850 susceperit‚cui
1304 3763 1432 3830 ratione

328 3865 442 3932 uxoris
462 3865 626 3934 debeatur
647 3865 822 3944 hereditas,
844 3876 888 3946 et,
903 3877 1036 3936 mortua
1058 3869 1126 3936 iam
1147 3889 1265 3948 uxore,
1282 3867 1432 3942 nondum

226 4037 229 4044 ,
283 3997 315 4052 3⁵
328 3968 438 4034 soluta
460 3968 529 4052 regi
557 3969 670 4037 debita
694 3970 837 4056 pecunia
862 3971 970 4052 suerit,
991 3972 1041 4036 vir
1062 3972 1118 4038 ilie
1144 3973 1277 4038 nomine
1301 3971 1433 4039 heredis

328 4071 575 4140 conueniendus
596 4081 630 4139 et
651 4074 876 4142 cohercendos
898 4084 959 4153 est,
973 4073 1057 4142 alias
1072 4085 1190 4144 autem
1207 4097 1284 4142 non.
1328 4076 1432 4144 Porro

364 4243 381 4300 8
400 4257 433 4298 se
443 4259 497 4300 om.
512 4245 536 4302 C
671 4259 705 4302 η
719 4245 891 4318 postobtata
903 4243 1084 4304 adaifideN
1095 4266 1097 4274 ·
1221 4263 1362 4309 mmmum
1374 4263 1433 4306 sus-

328 4316 482 4388 ceptamc
551 4318 767 4387 13postm.c
833 4331 867 4388 31
887 4317 1019 4390 capudC
