3228 4868
343 287 410 360 134
713 269 781 336 ns
804 266 1079 339 scnccnnro
1319 262 1442 358 [11xc

343 442 575 530 procuratione
589 442 769 510 liberorum
786 441 875 508 illius
891 441 957 508 hoc
975 461 1036 527 per
1050 439 1152 508 breue
1171 436 1275 524 regis'
1290 441 1381 524 quod
1396 439 1442 507 ibi

343 549 388 614 nd
402 548 602 614 scaccarium
618 569 678 632 per
691 547 965 614 consuetudinem
979 545 1047 614 fiet.
1091 546 1161 612 ‘Et
1174 546 1278 612 debet
1290 543 1375 612 hoc’
1390 545 1443 611 vel

343 652 412 718 ‘Et
434 651 567 736 quietus
586 650 657 718 est!
702 651 804 736 Quod
825 653 854 717 si
874 651 982 717 minor
1000 659 1051 716 est
1071 650 1235 734 possessio
1253 649 1325 726 hec,
1342 658 1379 715 vt
1398 649 1443 714 sit

343 755 467 821 fundus
486 775 570 820 vnus
589 755 642 820 vel
662 757 730 822 duo
749 754 803 820 vel
818 764 893 834 tres,
907 755 954 822 sic
972 753 1108 820 dicetur.
1148 753 1230 820 ‘llle
1243 753 1443 830 vicecomes‚'

315 859 397 940 guel
413 866 423 898 ¹
432 859 488 926 ille
504 856 555 926 N.'
571 860 625 924 cui
641 859 727 926 sorte
743 879 804 924 rex
819 860 968 924 eiusdem
988 858 1036 924 rei
1053 857 1239 924 custodiam
1259 859 1442 941 deputauit,

344 964 474 1030 ‘reddit
489 971 683 1046 compotum
701 963 745 1028 de
762 963 859 1028 firma
873 972 960 1028 terre
977 961 1064 1028 illius
1078 962 1123 1027 N.
1136 981 1203 1046 que
1220 959 1282 1026 suit
1296 961 1382 1026 illius
1399 961 1442 1026 N.

343 1087 446 1153 quam
465 1086 526 1132 rex
543 1066 646 1134 habet
666 1067 700 1132 in
721 1087 821 1133 manu
842 1064 921 1134 sua’
936 1066 990 1132 vel
1009 1070 1097 1150 ‘que
1116 1075 1167 1133 est
1187 1065 1221 1130 in
1242 1085 1342 1132 manu
1357 1065 1443 1148 regis

343 1191 421 1239 cum
450 1170 581 1238 herede.
624 1171 665 1236 In
691 1170 846 1238 thesauro
870 1171 956 1236 hoc:
983 1169 1030 1234 Et
1055 1171 1158 1236 debet
1186 1168 1270 1234 hoc’
1298 1169 1353 1235 vel
1377 1169 1444 1234 ‘Et

344 1275 476 1358 quietus
491 1273 561 1340 esc'
605 1274 759 1341 Attende
774 1283 923 1358 preterea
940 1274 1031 1358 quod
1046 1273 1154 1339 honor
1173 1271 1229 1339 ille
1244 1273 1298 1338 vel
1312 1271 1443 1350 fundus,

300 1412 333 1451 rs
345 1379 427 1444 dum
448 1379 482 1443 in
504 1399 606 1444 manu
629 1378 714 1464 regis
735 1398 812 1446 curn
842 1378 965 1444 herede
993 1377 1100 1458 fuerit,
1121 1397 1237 1443 omnes
1265 1375 1444 1442 elemosine

306 1499 333 1552 D
346 1492 381 1549 et
395 1481 606 1548 liberationes
621 1481 840 1570 indigentium
851 1481 1045 1566 aptioribus
1059 1481 1204 1547 dominis
1214 1480 1287 1546 solo
1297 1481 1443 1546 caritatis

345 1587 468 1654 intuitu
497 1587 687 1668 constitute,
710 1587 786 1667 hiis,
811 1586 931 1672 quibus
955 1587 1127 1665 debentur,
1152 1605 1229 1651 cum
1255 1584 1443 1669 integritate

344 1691 520 1758 soluuntur
534 1701 569 1756 et
586 1691 630 1756 ad
649 1691 850 1758 scaccarium
870 1691 1001 1756 custodi
1018 1698 1263 1773 computantur.
1307 1689 1443 1754 Libera·

345 1795 453 1861 tiones
484 1815 562 1860 vero
591 1795 816 1878 seruientium,
845 1795 903 1878 qui
933 1795 1076 1861 dominis
1105 1793 1174 1859 suis
1202 1793 1246 1859 ad
1276 1792 1444 1877 explenda

300 1899 494 1984 usquelibet
515 1899 674 1984 obsequia
696 1899 869 1965 necessarii
891 1898 953 1964 visi
973 1907 1060 1978 sunt,
1074 1907 1108 1964 et
1129 1897 1175 1964 ob
1196 1896 1260 1963 hoc
1282 1897 1442 1962 constitu·

207 2007 210 2016 ⁴
346 2013 455 2080 untur,
477 2002 557 2068 dum
584 2022 645 2068 rex
667 2003 824 2088 possidet,
845 2001 1066 2068 voluntariam
1088 2001 1213 2068 habent
1234 1999 1443 2068 solutionem.

345 2104 433 2172 Cum
462 2115 588 2173 autem·
605 2107 638 2173 in
667 2126 768 2172 manu
797 2107 928 2172 heredis
957 2104 1116 2172 deuolute
1142 2105 1240 2172 fuerit
1268 2105 1444 2184 hereditas,

345 2219 480 2294 oportet
494 2230 571 2276 eum
586 2209 689 2294 patris
703 2209 850 2276 inherere
864 2209 1020 2294 vestigiis,
1035 2219 1073 2274 vt
1087 2209 1214 2276 scilicet
1228 2211 1444 2296 quoadusque

344 2313 489 2378 vixerint
514 2313 559 2377 hii
581 2313 702 2396 quihus
728 2313 791 2380 hec
812 2333 833 2378 a
854 2321 950 2397 patre
977 2334 1038 2380 suo
1060 2313 1241 2380 constituta
1264 2323 1352 2392 sunt,
1375 2315 1445 2378 vita

300 2441 333 2480 πο
346 2415 468 2482 comite
483 2415 692 2500 percipienda
711 2415 774 2481 illis
794 2415 973 2484 satisfaciat
987 2438 996 2498 ;
1019 2426 1053 2482 et
1068 2427 1146 2502 post
1162 2418 1233 2502 hec,
1248 2419 1276 2484 si
1294 2415 1444 2496 voluerit,

345 2540 461 2586 eorum
475 2528 589 2586 utatur
602 2521 656 2586 vel
671 2540 740 2586 non
753 2529 866 2586 vtetur
881 2521 1056 2606 obsequiis.

388 2623 584 2707 Discipulru.
630 2623 767 2704 Dixisti,
788 2625 817 2689 si
848 2624 933 2691 bene
957 2627 1103 2702 memini,
1129 2625 1221 2712 quod
1246 2625 1274 2692 si
1302 2625 1445 2711 quilibet

345 2727 387 2792 de
402 2747 480 2812 rege
494 2737 613 2793 tenens
631 2727 666 2793 in
687 2728 796 2814 capite
812 2729 976 2795 decedens
996 2731 1157 2797 minorem
1175 2731 1269 2798 annis
1288 2731 1443 2796 heredem

346 2830 523 2916 reliquerit,
537 2831 675 2898 tandem
695 2831 785 2898 idem
806 2833 950 2913 relictus,
964 2843 1042 2918 post
1061 2834 1226 2922 legittime
1245 2835 1343 2900 etatis
1357 2845 1443 2899 tem·

301 2957 331 3010 ²5
346 2955 437 3020 pora,
461 2935 598 3020 quidam
619 2937 732 3020 gratis,
754 2937 891 3020 quidam
914 2939 1077 3022 promisse
1101 2939 1251 3024 pecunia,
1272 2939 1364 3023 quod
1383 2936 1444 3002 sihi

345 3039 487 3106 debetur
501 3058 522 3104 a
536 3059 615 3125 rege
626 3039 785 3126 suscipit:
808 3041 899 3124 quod
911 3051 1024 3108 autem
1036 3041 1083 3106 sic
1094 3042 1253 3108 soluitur‘
1265 3037 1442 3108 releuium'

345 3142 438 3210 dicis.
483 3141 549 3208 Dic
572 3161 652 3226 ergo
676 3143 705 3208 si
735 3144 912 3210 cuiuslibet
944 3143 1048 3225 fundi,
1074 3146 1132 3228 qui
1156 3148 1200 3212 de
1230 3165 1308 3229 rege
1333 3155 1385 3211 est
1410 3145 1443 3208 in

345 3247 463 3330 capite,
494 3245 653 3313 releuium
683 3247 746 3313 sub
774 3247 937 3315 consimili
959 3269 1091 3316 summa
1118 3249 1240 3316 debeat
1268 3249 1369 3334 exigi,
1391 3249 1444 3314 vel

345 3350 373 3416 si
388 3351 451 3415 sub
465 3349 617 3416 dissimili
633 3355 736 3434 quare
750 3351 808 3418 sic.

300 3480 334 3532 ³0
388 3451 566 3536 Magister.
585 3447 590 3457 ⁸
606 3453 646 3520 In
661 3455 830 3540 propriam
844 3464 880 3523 te
893 3455 1009 3522 videor
1021 3475 1168 3523 armasse
1181 3457 1357 3543 perniciem
1370 3478 1379 3537 ;
1400 3477 1444 3521 ex

346 3557 503 3642 predictis
518 3559 607 3626 enim
622 3559 688 3625 alia
698 3561 864 3626 coniciens
875 3563 1010 3628 armatis
1025 3581 1080 3628 me
1089 3582 1194 3628 vexas
1204 3559 1443 3646 questionibus.

345 3662 490 3729 Noueris
505 3671 619 3729 autem
637 3667 729 3748 quod
748 3665 946 3732 releuiorum
966 3686 1032 3750 que
1052 3667 1121 3752 regi
1141 3665 1313 3747 debentur,
1327 3683 1444 3732 sccun-

346 3767 429 3832 dum
448 3767 625 3834 dissimiles
645 3769 887 3854 possidentium
902 3779 1018 3849 status,
1033 3769 1199 3837 dissimilis
1217 3789 1350 3835 summa
1367 3787 1445 3834 con·

345 3869 461 3954 surgit.
508 3869 656 3956 Quidam
682 3872 772 3938 enim
798 3875 842 3940 de
870 3893 948 3959 rege
972 3883 1089 3940 tenent
1118 3875 1152 3939 in
1177 3874 1287 3957 capite
1310 3893 1377 3956 que
1400 3873 1444 3938 ad

301 3973 335 4078 δέ
347 3993 504 4041 coronam
526 3977 702 4061 pertinent,
724 3977 880 4044 baronias
901 3978 1026 4046 scilicet
1047 3979 1188 4045 maiores
1209 3999 1268 4043 seu
1291 3978 1446 4043 minores.

348 4073 387 4142 Si
409 4097 489 4162 ergo
509 4089 605 4162 pater
626 4101 796 4166 possessor
816 4081 1007 4148 huiusmodi
1030 4091 1180 4148 mortuus
1199 4080 1307 4160 fuerit,
1328 4080 1445 4146 relicto

382 4227 604 4302 stres1iiii⁰¹c
692 4249 724 4305 13
741 4236 876 4292 stomt
959 4233 1208 4292 sosatisfsciusR
1278 4247 1311 4291 21
1331 4235 1446 4291 velnon

346 4303 552 4358 vmturmN
626 4317 658 4374 31
678 4303 851 4363 coniciesN
