3228 4868
201 270 343 364 tarvis]
564 275 631 342 DE
654 273 927 344 SCACCARIO
1232 291 1295 360 107

200 455 416 528 numeratam,
431 467 511 513 vasa
526 467 659 532 quoque
676 446 798 514 diuersi
812 446 941 532 generis
958 465 1059 514 aurea
1072 445 1126 512 vel
1140 456 1298 532 argentea

199 571 239 616 ac
271 551 545 616 vestimentorum
575 551 765 618 mutatoria.
810 549 1000 618 Secundum
1029 549 1115 616 hanc
1144 559 1298 634 accepta·

198 655 324 720 tionem
339 655 462 720 dicitur
477 653 565 720 ‘Vbi
579 663 632 720 est
651 653 824 720 thesaurus
840 665 919 720 tuus
932 654 978 720 ihi
992 663 1043 720 est
1061 664 1096 722 et
1110 673 1167 720 cor
1181 649 1297 720 tuum!

200 759 334 824 Dicitur
357 760 454 824 enim
476 757 745 826 thesauruslocus
763 757 797 822 in
820 779 890 843 quo
908 758 1091 842 reponitur,
1112 758 1201 824 vnde
1221 757 1295 824 the·

199 883 315 928 saurus
342 863 414 928 auri
445 861 556 943 thesis,
587 862 621 927 id
651 871 703 928 est
735 861 866 946 positio,
896 861 1086 929 nominatur
1098 883 1107 944 ;
1143 871 1180 927 vt
1209 881 1325 942 nunes

198 966 379 1050 incongrue
400 966 639 1051 respondeatur
661 966 814 1050 querenti
839 965 883 1032 de
912 965 1063 1049 quolibet
1084 966 1141 1032 vbi
1160 966 1212 1043 sit,
1235 965 1295 1030 ‘In

197 1068 354 1135 thesauro
370 1065 464 1146 est';
484 1069 549 1135 hoc
567 1079 618 1135 est
631 1070 687 1136 vbi
703 1069 877 1136 thesaurus
892 1070 1071 1153 reponitur.
1110 1069 1296 1135 Numerata

197 1173 332 1256 quidem
355 1173 506 1258 pecunia,
527 1172 580 1238 vel
603 1171 668 1239 alia
692 1173 849 1258 predicta,
873 1172 976 1240 semel
998 1175 1127 1241 intuto
1148 1172 1223 1239 loco
1245 1194 1295 1240 re·
1401 1225 1402 1230 η

196 1276 308 1360 posita
322 1297 389 1342 non
409 1275 598 1357 efferuntur,
613 1277 674 1342 nisi
694 1297 771 1344 cum
790 1299 836 1343 ex
853 1279 937 1362 regis
958 1279 1116 1344 mandato
1132 1277 1167 1342 in
1183 1296 1295 1342 neces·

196 1380 300 1446 sarios
314 1401 392 1448 vsus
407 1381 637 1446 distribuenda
652 1381 715 1446 sibi
730 1381 916 1448 mittuntur.
961 1381 1087 1448 Verum
1105 1381 1200 1466 plura
1217 1389 1294 1448 sunt
1309 1405 1340 1444 ιο

196 1485 230 1550 in
249 1485 453 1568 repositoriis
472 1485 579 1552 archis
600 1484 746 1551 thesauri
768 1506 834 1568 que
850 1483 1122 1552 circumferuntur
1139 1494 1174 1550 et
1190 1484 1294 1551 inclu-

196 1587 319 1656 duntur
344 1597 378 1654 et
403 1589 633 1655 custodiuntur
657 1609 678 1655 a
703 1589 907 1656 thesaurario
932 1597 967 1655 et
991 1589 1187 1672 camerariis,
1209 1590 1293 1656 sicut

196 1711 296 1777 supra
318 1692 447 1776 plenius
469 1702 640 1759 ostensum
662 1702 723 1771 est,
737 1693 851 1776 qualia
873 1701 951 1759 sunt
972 1691 1118 1778 sigillum
1141 1693 1228 1776 regis
1250 1695 1293 1759 de

196 1816 264 1880 quo
283 1797 404 1881 queris,
418 1796 500 1862 liber
519 1797 715 1878 iudiciarius,
730 1797 860 1864 rotulus
878 1796 936 1880 qui
956 1797 1145 1864 exactorius
1160 1797 1290 1877 dicitur,

195 1920 297 1984 quem
306 1901 441 1984 quidem
451 1900 624 1966 nominant
634 1902 737 1968 breue
748 1901 791 1967 de
803 1900 926 1966 firmis:
942 1901 1021 1968 item
1033 1901 1145 1985 magni
1156 1899 1293 1966 annales
1307 1923 1337 1977 1⁵

194 2013 425 2088 compotorum
461 2004 571 2085 rotuli,
607 2005 855 2090 priuilegiorum
891 2025 1067 2071 numerosa
1104 2004 1292 2088 multitudo,

194 2117 402 2194 receptarum
426 2117 560 2174 recauta
585 2129 624 2174 ac
649 2108 748 2174 rotuli
774 2117 981 2195 receptarum
1005 2129 1044 2175 ac
1070 2108 1184 2174 breuia
1206 2109 1292 2194 regis

193 2213 237 2278 de
251 2212 346 2278 exitu
360 2211 508 2278 thesauri
529 2223 564 2280 et
578 2212 735 2298 pleraque
751 2211 896 2298 aliaque
909 2213 1108 2280 consedente
1127 2213 1291 2280 scaccario

193 2315 366 2382 cotidianis
380 2317 493 2384 vsibus
508 2318 692 2384 necessaria
706 2327 791 2383 sunt.
1012 2315 1015 2322 '
1304 2391 1337 2430 ²0

235 2420 326 2487 Vsus
340 2420 439 2504 sigilli
458 2421 539 2506 regii
554 2421 661 2505 qualis
672 2441 743 2488 esse
757 2421 889 2502 debeat,
901 2442 945 2487 ex
957 2421 1123 2506 premissis
1138 2429 1288 2488 constare
1302 2459 1352 2504 xv

193 2533 314 2609 potest.
360 2525 438 2590 Hoc
453 2524 542 2590 enim
558 2523 644 2592 facte
661 2525 935 2592 summonitiones
949 2535 984 2592 et
1001 2524 1075 2604 alia,
1090 2525 1291 2609 pertinentia

192 2630 371 2696 dumtaxat
391 2623 441 2694 ad¹
458 2629 668 2710 scaccarium,
685 2629 773 2712 regis
791 2631 951 2694 mandata
972 2630 1154 2714 signantur.
1215 2630 1289 2696 Nec

191 2732 327 2800 effertur
339 2733 431 2816 alias,
445 2741 496 2798 set
511 2732 595 2800 sicut
608 2753 708 2818 supra
722 2732 849 2800 dictum
864 2741 915 2799 est
932 2755 953 2800 a
966 2732 1163 2800 cancellario
1177 2744 1288 2800 custo·

190 2837 281 2902 ditur
310 2857 371 2921 per
398 2836 565 2904 vicarium.
621 2835 824 2920 Expressam
846 2845 959 2902 autem
980 2835 1082 2902 habet
1108 2835 1288 2920 imaginem

191 2951 227 3008 et
251 2941 498 3025 inscriptionem
524 2960 601 3006 cum
627 2939 891 3006 deambulatorio
913 2939 1003 3006 curie
1024 2940 1142 3025 sigillo,
1166 2949 1203 3006 vt
1225 2961 1287 3024 par
1302 2961 1332 3013 ²5

189 3055 408 3129 cognoscatur
429 3045 608 3128 utrobique
625 3043 769 3110 iubentis
790 3043 972 3110 auctoritas
990 3052 1025 3110 et
1044 3063 1119 3109 reus
1139 3043 1289 3110 similiter

190 3149 356 3216 iudicetur
370 3169 431 3233 pro
448 3148 512 3216 hoc
530 3157 567 3214 vt
587 3168 648 3232 pro
668 3146 725 3214 illo
739 3148 797 3232 qui
817 3168 912 3213 secus
929 3148 1041 3233 egerit.

198 3335 201 3342 Ι
234 3252 336 3320 Porro
362 3251 446 3320 liber
468 3252 524 3317 ille
552 3253 597 3318 de
625 3272 694 3337 quo
723 3251 844 3336 queris·
859 3252 957 3336 sigilli
987 3252 1066 3336 regii
1095 3273 1207 3320 comes
1236 3261 1288 3320 est

187 3357 378 3423 indiuiduus
417 3356 451 3422 in
480 3355 644 3422 thesauro.
701 3355 811 3422 Huius
836 3355 1053 3423 institutionis
1078 3375 1213 3424 causam
1242 3359 1286 3426 ab

189 3459 336 3526 Henrico
350 3460 520 3543 quondam
534 3457 755 3526 Wintoniensi
774 3459 930 3544 episcopo
944 3461 991 3526 sic
1006 3461 1131 3544 accepi.
1299 3501 1332 3552 ³0

231 3562 318 3629 Cum
330 3562 462 3647 insignis
478 3562 534 3627 ille
548 3563 703 3630 subactor
716 3562 850 3648 Anglie,
865 3582 925 3628 rex
937 3561 1124 3629 Willelmus
1138 3563 1285 3630 eiusdem
1297 3551 1360 3686 {Vl

186 3666 353 3750 pontificis
376 3665 538 3750 sanguine
559 3667 776 3752 propinquus,
796 3665 966 3733 vlteriores
989 3666 1097 3732 insule
1118 3665 1202 3732 fines
1224 3689 1285 3734 suo

186 3769 397 3855 subiugasset
418 3769 560 3855 imperio
585 3780 620 3836 et
641 3770 813 3837 rebellium
836 3778 963 3836 mentes
985 3771 1185 3838 terribilibus
1209 3791 1284 3857 per-

186 3873 370 3942 domuisset
399 3873 571 3960 exemplis,
593 3895 636 3939 ne
661 3873 766 3940 libera
796 3877 838 3940 de
865 3883 974 3940 cetero
1004 3876 1139 3942 daretur
1167 3876 1284 3944 erroris

185 3976 335 4060 facultas,
351 3978 497 4061 decreuit
514 3977 698 4044 subiectum
712 3979 775 4044 sibi
798 3977 959 4064 populum
979 3979 1041 4044 iuri
1060 3979 1183 4064 scripto
1205 3979 1283 4067 legi·
1298 4003 1329 4056 35

185 4082 316 4168 busque
340 4082 499 4148 subicere.
543 4081 725 4168 Propositis
746 4082 846 4168 igitur
866 4077 998 4168 legibus¹
1016 4081 1211 4167 Anglicanis
1232 4105 1285 4152 se·

220 4233 420 4302 7vbi0m.N
482 4247 515 4304 17
533 4233 651 4306 acJaR
718 4249 754 4292 20
767 4231 993 4365 pualislquidC
1072 4251 1107 4307 23
1125 4237 1196 4294 sicut
1208 4237 1284 4292 NR:

182 4305 357 4364 tacunamt·
402 4307 437 4365 26
448 4304 606 4379 utrobique]
614 4307 757 4380 veriusque
838 4319 871 4378 27
884 4305 1009 4379 thetN
1056 4309 1092 4380 36
1103 4307 1187 4380 igitur
1197 4309 1286 4366 om.R
