3210 4864
164 285 225 350 riil
241 281 279 376 s]
530 287 598 352 DE
622 286 894 356 SCACCARIO
1220 292 1261 372 65

162 457 271 541 recipi.
316 455 353 522 Si
372 455 495 530 scilicet
515 468 657 542 pensata
674 478 750 523 cum
766 458 849 524 libra
862 459 1017 544 ponderis
1039 460 1081 526 de
1099 462 1263 527 scaccario

163 563 297 626 inuenta
322 569 374 626 est
400 561 508 626 minus
537 561 664 628 habens
692 563 778 628 vltra
806 563 848 630 vi
899 561 986 630 Cum
1014 584 1095 650 ergo
1124 565 1263 650 quilibet

161 676 299 731 moneta
318 665 409 750 regni
428 665 525 730 buius
545 665 741 750 impressam
761 666 884 734 habere
899 667 1020 735 debeat
1043 669 1128 754 regis
1143 669 1261 754 imagi-

161 789 239 834 nem
255 779 290 834 et
304 770 347 833 ad
363 769 452 834 idem
469 771 600 853 pondus
615 791 732 835 omnes
751 772 927 838 monetarii
947 782 1122 838 teneantur
1136 774 1263 858 operari
1306 781 1312 792 '

162 873 305 956 qualiter
334 872 403 937 fieri
430 883 542 959 potest
567 884 696 940 utnon
726 894 826 940 omne
855 897 970 942 eorum
1000 897 1086 962 opus
1114 877 1291 954 eiusdem5

158 977 321 1060 ponderis
335 977 387 1043 sit.

206 1079 383 1164 Magister.
428 1081 590 1165 Magnum
614 1091 665 1147 est
689 1083 780 1166 quod
804 1083 914 1166 queris
940 1093 975 1150 et
1000 1085 1134 1151 alterius
1164 1105 1264 1168 egens

161 1183 391 1268 inquisitionis,
435 1185 599 1251 Attamen
625 1185 694 1252 fieri
721 1195 833 1270 potest
859 1207 918 1272 per
940 1187 1089 1254 falsarios
1111 1199 1146 1254 et
1167 1209 1265 1254 num·

164 1307 294 1352 morum
311 1290 535 1356 decurtatores
549 1289 601 1354 vel
617 1291 821 1356 detonsores.
866 1291 1009 1357 Noueris
1023 1302 1136 1357 autem
1152 1313 1265 1358 mone·

163 1399 235 1456 tam
261 1389 387 1475 Anglie
410 1393 444 1456 in
469 1391 575 1458 tribus
598 1392 714 1458 falsam
741 1394 950 1478 deprehendi,
973 1395 1007 1458 in
1033 1393 1116 1458 lalso
1141 1395 1264 1459 scilicet
1281 1419 1311 1458 ιο

163 1496 324 1578 pondere,
338 1497 372 1561 in
389 1495 472 1560 salsa
489 1496 572 1582 lege,
588 1497 621 1560 in
640 1497 723 1563 ialsa
742 1497 894 1582 imagine.
941 1497 1018 1562 Hiis
1040 1505 1152 1562 tamen
1175 1495 1264 1563 salsi·
1279 1505 1301 1555 F

164 1600 289 1664 tatibus
305 1620 367 1682 par
380 1621 488 1684 poena
502 1622 569 1666 non
584 1601 732 1669 debetur.
777 1601 847 1668 Sed
862 1602 906 1666 de
920 1601 984 1666 hiis
1002 1601 1093 1667 alias.

208 1703 407 1786 Discipulus·
451 1704 489 1770 Si
505 1705 614 1790 placet
628 1725 825 1790 persequere
839 1706 883 1772 de
898 1706 1014 1772 officiis
1028 1714 1064 1770 vt
1079 1705 1205 1789 cepisti.

209 1806 385 1888 Magister.
422 1805 480 1872 Ad
494 1808 639 1873 hostiarii
655 1829 766 1875 curam
782 1819 911 1895 spectat
921 1820 959 1876 vt
973 1809 1131 1875 excludat
1142 1809 1194 1875 vel
1209 1810 1266 1876 ad·

167 1910 281 1976 mittat
295 1912 385 1994 quod
400 1921 533 1995 oportet
548 1923 582 1978 et
597 1914 736 1997 diligens
757 1913 801 1978 sit
821 1914 854 1978 in
874 1915 1024 1980 custodia
1039 1915 1187 1978 omnium
1203 1933 1267 1997 que
1284 1937 1312 1986 15

166 2013 277 2080 hostio
300 2013 550 2082 concluduntur.
594 2017 694 2082 Vnde
719 2025 753 2082 et
780 2019 908 2082 ratione
936 2017 1036 2082 hostii
1061 2019 1105 2082 de
1130 2017 1267 2102 singulis

168 2118 325 2184 breuibus
340 2121 449 2184 exitus
464 2121 549 2185 duos
565 2119 667 2186 habet
682 2123 841 2188 denarios.
882 2121 948 2186 Hic
965 2121 1128 2186 ministrat
1144 2119 1268 2187 forulos

168 2223 211 2287 ad
238 2223 413 2305 pecuniam
439 2225 664 2307 reponendam
692 2233 727 2288 et
751 2225 876 2290 rotulos
899 2233 934 2288 et
962 2223 1066 2290 taleas
1096 2234 1130 2289 et
1159 2234 1268 2290 cetera

167 2328 352 2392 necessaria
375 2347 434 2410 per
459 2347 583 2392 annum
607 2337 641 2392 et
664 2349 726 2412 pro
749 2327 885 2412 singulis
910 2327 1023 2394 forulis
1053 2329 1138 2393 duos
1166 2327 1268 2393 habet

167 2431 329 2496 denarios.
375 2431 442 2494 Hic
465 2430 499 2495 in
521 2451 655 2497 omnem
679 2442 847 2515 receptam
870 2431 959 2516 ligna
984 2443 1151 2517 oportuna
1171 2428 1267 2496 mini·
1284 2457 1314 2495 20

168 2543 252 2600 strat
267 2535 311 2599 ad
331 2533 434 2600 taleas
449 2545 581 2618 recepte
601 2545 634 2601 et
650 2545 892 2620 compotorum,
907 2545 941 2602 et
955 2536 1067 2615 semel,
1082 2535 1147 2602 hoc
1166 2548 1218 2600 est
1235 2537 1269 2602 in

168 2638 310 2703 termino
341 2639 446 2704 sancti
474 2639 657 2718 Michaelis,
680 2661 713 2704 v.
738 2639 862 2705 solidos
890 2660 952 2723 pro
981 2639 1079 2725 lignis
1108 2640 1269 2706 talearum

169 2743 319 2826 percipit.
366 2742 433 2806 Hic
447 2742 581 2808 vascula
601 2742 720 2827 lignea,
735 2743 897 2827 cnipulos,
912 2738 1038 2810 loculos
1058 2752 1092 2808 et
1113 2744 1270 2827 corrigias

169 2855 204 2908 et
230 2855 340 2910 cetera
363 2845 490 2910 minuta
511 2847 694 2912 necessaria
715 2846 758 2911 de
780 2847 859 2912 fisco
881 2847 1018 2912 inuenit.
1064 2847 1104 2911 ln
1127 2845 1270 2912 termino

169 2949 288 3013 eodem
309 2969 370 3033 pro
390 2950 541 3016 incausto
555 2951 658 3016 totius
679 2951 757 3015 anni
773 2951 816 3015 ad
831 2961 1008 3034 vtrumque
1025 2951 1223 3016 scaccarium
1237 2951 1270 3014 ii.
1286 2975 1315 3024 ²5

168 3052 268 3116 solidi
289 3053 451 3118 debentur
471 3074 556 3137 quos
575 3055 639 3119 sibi
659 3054 702 3119 de
722 3055 861 3137 antiquo
881 3055 949 3119 iure
963 3055 1117 3120 vendicat
1136 3055 1271 3120 sacrista

170 3155 305 3222 maioris
323 3157 461 3222 ecclesie
474 3155 720 3222 Wintoniensis.
759 3157 878 3242 Vigilis
893 3157 1039 3223 officium
1056 3158 1143 3222 idem
1158 3165 1210 3223 est
1225 3158 1271 3223 ibi

170 3261 261 3344 quod
277 3260 365 3338 alibi,
381 3259 631 3345 diligentissima
652 3261 776 3327 scilicet
791 3262 834 3326 de
849 3271 946 3327 nocte
961 3262 1112 3327 custodia
1126 3261 1271 3328 thesauri

170 3363 395 3449 principaliter
411 3373 446 3429 et
466 3366 616 3430 omnium
637 3385 752 3430 eorum
768 3365 882 3449 quein
898 3366 1000 3430 domo
1015 3365 1159 3430 thesauri
1175 3387 1271 3452 repo·

170 3476 303 3533 nuntur.
348 3467 404 3534 Sic
430 3467 533 3533 habes
559 3469 708 3534 omnium
734 3467 843 3534 officia
871 3469 1029 3534 distincta
1054 3469 1110 3552 qui
1138 3467 1272 3534 interius
1286 3489 1318 3538 30

172 3571 369 3638 ministrant
415 3571 503 3638 Sunt
523 3582 557 3637 et
577 3571 639 3637 hiis
658 3571 869 3637 liberationes
889 3572 1068 3637 constitute
1084 3572 1164 3637 dum
1183 3592 1272 3638 scac-

173 3677 299 3740 carium
317 3685 389 3754 est;
410 3674 475 3742 hoc
494 3684 545 3740 est
564 3699 584 3742 a
605 3677 660 3740 die
680 3695 747 3758 qua
766 3685 993 3741 conuocantur
1008 3676 1169 3759 usquead
1185 3675 1272 3740 diem

173 3799 240 3862 qua
266 3778 429 3863 generalis
454 3789 505 3844 est
528 3780 679 3845 secessio.
727 3777 873 3844 Clericus
894 3779 1087 3844 thesaurarii
1108 3779 1165 3864 qui
1189 3779 1273 3843 inira

173 3893 224 3948 est
240 3905 271 3948 v.
290 3883 443 3948 denarios
464 3881 565 3948 habet
587 3883 696 3948 indie.
741 3881 888 3966 Scriptor
910 3883 1057 3948 eiusdem
1079 3883 1272 3949 thesaurarii

209 4015 323 4086 evltra]
336 4035 420 4090 quam
434 4019 458 4074 C
571 4032 639 4088 4-11
653 4029 682 4074 et
694 4017 732 4074 ad
741 4018 815 4074 idem
830 4057 857 4076 ..
870 4058 878 4074 .
890 4019 960 4075 salsa
970 4017 1159 4089 imagineffl:
1180 4021 1274 4076 verbis

173 4105 258 4144 omne
267 4106 375 4159 eorum,
387 4099 521 4154 attamen,
533 4099 605 4146 ·tam
617 4089 720 4160 Anglie
739 4129 746 4146 .
765 4129 772 4145 .
790 4129 797 4145 .
815 4090 937 4160 imagine
949 4107 1037 4145 manu
1049 4093 1197 4148 recentiori
1206 4109 1273 4148 exa·

174 4163 247 4214 ratis
255 4163 286 4214 in
299 4163 431 4232 mergere
476 4162 604 4232 5poterit
617 4161 652 4216 N
692 4175 786 4232 19per
798 4161 920 4232 singulos
932 4161 1075 4218 iorulosR
1117 4177 1148 4217 21
1163 4163 1274 4218 talesR

175 4245 208 4300 23
220 4231 357 4302 cinipulos
371 4231 396 4288 C
495 4245 529 4300 27
541 4231 744 4288 wintoniensis
755 4233 934 4304 smpomm:
953 4233 1196 4290 Westmonasterii
1207 4233 1273 4289 CR:

174 4302 503 4360 Westmonasten'umN
569 4317 603 4374 32
621 4300 792 4372 hothicN

217 4424 325 4456 manoe
710 4405 737 4455 K
