3228 4868
347 331 389 399 90
715 309 782 381 na
805 311 1079 383 scuccumo
1186 375 1189 382 ,
1320 307 1351 402 [1
1367 313 1450 379 vna

347 493 520 570 gnouerat.
561 483 630 570 Qui
639 485 881 552 circumeuntes
896 494 930 552 et
945 485 1076 551 oculata
1092 483 1157 550 lide
1168 483 1289 550 fundos
1300 482 1451 568 singulos

347 587 595 672 perlustrantes,
624 589 741 656 habita
772 589 982 656 estimatione
1003 587 1195 656 victualium
1223 607 1290 672 que
1318 587 1363 653 de
1385 587 1451 654 hiis

347 692 572 770 soluebantur,
609 694 807 780 redegemnt
842 694 875 758 in
911 712 1077 758 summam
1113 692 1333 758 denariorum.
1395 691 1451 758 De

346 815 477 863 summa
497 817 577 863 vero
598 815 803 864 summarum
825 817 892 881 que
912 817 957 864 ex
978 797 1134 863 omnibus
1157 795 1266 862 lundis
1289 797 1450 879 surgebat

317 909 332 964 l
347 899 379 964 in
397 919 464 966 uno
479 901 650 980 comitatu,
666 902 908 968 constituerunt
923 901 1152 967 vicecomitem
1168 899 1255 965 illius
1269 901 1450 966 comitatus

346 1005 390 1070 ad
411 1005 611 1070 scaccarium
633 1004 749 1086 teneri,
763 1005 925 1071 addentes
944 1015 981 1072 vt
1003 1004 1047 1072 ad
1069 1003 1194 1070 scalam
1216 994 1368 1081 solueret,
1383 1001 1449 1068 hoc

346 1118 396 1173 est
413 1117 523 1191 preter
537 1107 722 1192 quamlibet
741 1118 947 1175 numeratam
962 1106 1082 1174 libram
1097 1107 1139 1173 vi.
1155 1106 1321 1174 denarios.
1366 1106 1448 1172 Rati

345 1221 423 1278 sunt
442 1212 531 1278 enim
551 1221 659 1278 tractu
679 1213 839 1298 temporis
859 1212 902 1278 de
921 1211 1017 1278 facile
1037 1229 1136 1294 posse
1160 1207 1230 1276 fieri
1252 1219 1290 1276 vt
1312 1217 1449 1278 moneta

345 1323 425 1381 tunc
444 1315 538 1381 sortis
557 1335 578 1382 a
598 1335 660 1382 suo
680 1325 770 1382 statu
789 1315 965 1382 decideret.
1009 1315 1082 1381 Nec
1104 1333 1163 1380 eos
1184 1313 1301 1381 ielellit
1323 1314 1448 1398 opinio.

302 1429 333 1470 ¹0
344 1417 443 1484 Vnde
466 1419 573 1487 coacti
599 1431 676 1486 sunt
699 1420 900 1487 constituere
921 1429 958 1486 vt
980 1417 1111 1486 firmam
1134 1417 1356 1484 maneriorum
1378 1437 1447 1484 non

345 1523 453 1588 solum
478 1523 522 1589 ad
548 1523 672 1590 scalam
696 1525 756 1591 sed
783 1523 827 1590 ad
851 1541 990 1608 pensum
1016 1523 1200 1588 solueretur
1221 1523 1313 1606 quod
1333 1520 1448 1607 perfici

308 1636 413 1691 cnon
433 1635 563 1712 poterat
582 1628 645 1692 nisi
667 1627 767 1712 longe
786 1627 935 1713 pluribus
952 1627 1120 1712 appositis
1164 1624 1370 1692 Seruabatur
1387 1645 1449 1710 per

344 1731 454 1816 plures
486 1751 591 1796 annos
619 1732 663 1798 ad
693 1732 893 1798 scaccarium
928 1731 985 1796 lex
1016 1729 1114 1796 huius
1146 1729 1331 1807 solutionis,
1359 1729 1448 1794 vnde

344 1835 533 1920 frequenter
547 1833 581 1900 iu
595 1835 762 1902 veteribus
776 1835 949 1902 annalibus
965 1833 1080 1900 robalis
1094 1833 1182 1918 regis
1196 1831 1284 1898 illius
1298 1833 1448 1898 inuenies

300 1949 330 2004 ¹⁵
344 1939 505 2023 scriptum
520 1938 581 2004 ‘ln
596 1938 753 2006 thesauro
767 1959 794 2006 c.
812 1939 911 2006 libras
928 1939 972 2005 ad
988 1935 1130 2004 scalam’
1145 1936 1199 2003 vel
1215 1935 1274 2001 ‘In
1289 1935 1448 2002 thesauro

343 2061 371 2108 c.
388 2041 488 2108 libras
498 2043 543 2109 ad
554 2041 712 2127 pensum!
756 2041 911 2110 Surrexit
931 2043 1057 2110 interea
1070 2041 1121 2108 vir
1134 2042 1287 2128 prudens,
1302 2039 1448 2106 consiliis

342 2147 510 2232 prouidus,
525 2167 676 2214 sermone
697 2147 842 2214 disertus
863 2147 963 2214 etad
986 2147 1137 2212 maxIma
1156 2164 1290 2230 queque
1311 2145 1448 2229 negotia

342 2251 478 2335 perdel
504 2251 646 2336 gratiam
672 2261 808 2338 repente
831 2251 1015 2336 precipuus.
1062 2249 1199 2316 Diceres
1224 2249 1258 2313 in
1285 2267 1326 2314 eo
1351 2267 1447 2314 com·

341 2354 469 2436 pletum
488 2355 579 2438 quod
599 2355 758 2438 scriptum
780 2365 831 2422 est
846 2355 983 2421 ‘Nescit
1002 2353 1099 2420 tarda
1120 2351 1294 2418 molimina
1311 2351 1447 2437 spiritus

298 2457 445 2522 rosancu
467 2453 597 2542 gratia?
644 2457 712 2524 Hic
740 2457 785 2524 ab
814 2459 937 2526 eodem
967 2477 1044 2542 rege
1072 2467 1210 2524 vocatus
1239 2457 1284 2522 ad
1309 2455 1447 2534 curiam,

341 2559 419 2626 licet
442 2559 577 2644 ignotus
600 2581 667 2628 non
689 2573 803 2629 tamen
826 2561 989 2646 ignobilis,
1008 2581 1069 2628 suo
1090 2560 1264 2646 perdocuit
1282 2559 1443 2645 exemplo

342 2663 543 2751 ‘Paupertas
563 2665 673 2732 tenuis
694 2685 796 2750 quam
818 2668 862 2732 sit
884 2664 1023 2732 imunda
1037 2660 1202 2730 virorum?
1248 2663 1315 2729 Hic
1335 2663 1446 2748 igitur,

340 2779 568 2836 succrescente
593 2767 627 2834 in
651 2787 727 2834 eum
756 2770 914 2856 principis
940 2789 980 2838 ac
1005 2767 1083 2836 cleri
1109 2768 1292 2853 populique
1320 2764 1447 2846 fauore,

342 2869 598 2938 Sarerberiensis
621 2872 798 2958 episcopus
819 2872 934 2952 factus,
958 2873 1116 2938 maximis
1138 2873 1172 2937 in
1199 2891 1301 2956 regno
1326 2868 1446 2956 iunge-

298 2991 328 3046 ²⁵
341 2973 439 3040 batur
453 2975 567 3040 officiis
582 2987 617 3044 et
637 2976 819 3043 honoribus
837 2987 872 3043 et
891 2977 934 3042 de
949 2977 1111 3043 scaccario
1131 2975 1308 3062 plurimam
1326 2973 1447 3040 habuit

340 3078 536 3160 scientiam
559 3081 645 3148 adeo
667 3089 704 3146 vt
718 3101 785 3147 non
808 3079 851 3148 sit
870 3081 1067 3164 ambiguum
1082 3079 1141 3144 sed
1164 3099 1209 3144 ex
1224 3079 1305 3163 ipsis
1327 3076 1445 3144 rotulis

340 3181 552 3250 manifestum
569 3183 748 3268 plurimum
765 3185 885 3250 subeo
899 3182 1058 3249 floruisse.
1098 3183 1154 3248 De
1164 3181 1258 3248 cuius
1269 3179 1446 3250 stillicidiis

338 3303 401 3352 uos
415 3305 547 3371 quoque
562 3288 728 3354 modicum
745 3287 779 3353 id
792 3288 884 3372 quod
902 3285 1065 3352 habemus
1084 3303 1145 3371 per
1163 3285 1337 3352 traducem
1350 3305 1448 3352 acce·

339 3389 457 3474 pimus.
495 3389 604 3476 Super
617 3391 682 3457 hoc
696 3391 740 3456 ad
755 3409 889 3476 presens
908 3389 1013 3456 multa
1028 3387 1119 3474 loqui
1138 3389 1350 3474 supersedeo,
1365 3390 1446 3473 quia

295 3509 327 3562 30
339 3513 402 3578 pro
423 3492 582 3576 qualitate
598 3493 649 3560 sui
670 3503 778 3559 status
800 3493 1003 3559 nobilissime
1026 3491 1147 3558 mentis
1167 3492 1311 3559 iudicem
1329 3512 1446 3576 super·

338 3595 452 3662 stitem
490 3597 552 3662 sibi
588 3597 781 3662 memoriam
816 3595 998 3680 dereliquit
1053 3595 1122 3664 Hic
1151 3596 1368 3681 postmodum
1398 3615 1445 3673 ex

338 3699 500 3766 mandato
522 3699 674 3784 principis
696 3699 836 3767 accessit
864 3700 909 3766 ad
942 3697 1166 3781 scaccarium3
1188 3700 1245 3766 vbi
1275 3719 1353 3768 cum
1383 3719 1446 3786 per

337 3802 465 3889 aliquot
487 3823 592 3869 annos
620 3804 822 3888 persedisset
847 3803 1007 3886 comperit
1028 3801 1093 3868 hoc
1122 3803 1295 3870 solutionis
1323 3821 1446 3890 genere

298 3935 325 3986 D
339 3927 407 3972 non
422 3907 519 3992 plene
534 3907 614 3974 fisco
628 3905 791 3972 satisfieri.
828 3906 925 3972 Licet
942 3905 1031 3971 enim
1046 3905 1080 3970 in
1091 3925 1230 3974 numero
1244 3917 1280 3974 et
1294 3908 1447 3992 pondere

292 4039 324 4090 35
337 4009 504 4076 videretur
523 4009 730 4077 satisfactum
753 4027 820 4074 non
842 4018 957 4074 tamur
980 4007 1015 4072 in
1034 4011 1181 4077 materia.
1226 4009 1447 4096 Consequens

337 4113 427 4180 enim
448 4133 516 4179 non
537 4123 607 4179 erat
627 4113 718 4187 vt.si
742 4133 805 4198 pro
827 4111 911 4177 libra
932 4131 997 4178 vna
1018 4123 1211 4180 numeratos
1232 4135 1295 4180 xx.
1317 4113 1447 4182 solidos

374 4261 691 4335 tondata10ccultac
762 4262 965 4332 raveterirN
1033 4263 1065 4319 18
1083 4263 1248 4324 DicerisC:
1268 4267 1449 4325 DisceresR

337 4350 370 4410 25
389 4335 490 4394 officiis
501 4345 529 4392 et
541 4351 594 4390 om.
605 4333 665 4390 NR
743 4347 776 4405 32
795 4331 1076 4425 principislprecipis
1088 4335 1125 4390 Ν
