3228 4868
319 317 362 384 92
687 295 754 366 DE
778 296 1052 369 SCACCARIO
1287 293 1323 386 [1
1336 301 1421 367 viis

320 473 446 538 dictum
468 469 639 538 ostiarium
660 470 889 536 liberationem
911 469 1081 556 percipere
1102 482 1180 535 cum
1202 469 1276 536 aliis
1299 471 1421 536 officia-

320 576 420 651 libus,
442 585 477 642 et
498 575 576 640 ideo
602 575 721 640 merito
742 571 881 658 requiris
902 574 984 660 quid
1010 573 1054 640 sit
1078 575 1150 640 eius
1171 573 1327 640 officium.
1358 575 1424 641 Est

322 689 432 746 autem
455 677 654 744 huiusmodi.

367 777 501 845 Ostium
519 779 639 843 domus
658 773 747 852 illins
766 776 801 842 in
821 795 889 863 qua
908 775 1105 844 scaccarium
1124 777 1248 842 residet
1270 777 1424 843 ostiarius

292 881 380 953 sille
400 881 492 948 solus
506 881 577 946 sine
592 891 744 948 consorte
761 881 917 964 custodit,
935 881 997 947 nisi
1012 901 1089 948 cum
1109 882 1153 948 de
1171 883 1274 948 domo
1291 881 1425 968 propria

324 986 506 1051 seruientes
529 985 667 1050 assumit
689 984 723 1049 in
745 1005 828 1051 onus
856 983 956 1050 officii
977 985 1037 1051 sui
1081 984 1326 1052 Nichilominus
1349 1005 1424 1052 cus·

326 1090 414 1155 todit
440 1089 530 1154 idem
554 1089 678 1156 ostium
703 1088 842 1156 thalami
864 1097 1065 1155 secretorum
1087 1089 1145 1174 qui
1166 1088 1350 1156 collocatus
1373 1097 1426 1154 est

325 1193 421 1259 iuxta
450 1193 588 1258 domum
617 1193 673 1258 vbi
703 1194 903 1258 scaccarium
933 1203 993 1260 est.
1050 1191 1110 1258 Ad
1140 1193 1228 1259 hunc
1262 1194 1426 1260 accedunt

289 1297 467 1364 rbarones
493 1316 569 1363 cum
592 1297 791 1381 proponitur
816 1297 864 1363 eis
886 1298 1025 1365 verbum
1046 1297 1241 1382 ambiguum
1267 1297 1312 1362 ad
1335 1316 1425 1362 scac-

280 1428 311 1466 ιο
326 1401 450 1467 carium
472 1401 603 1484 dequo
625 1399 754 1466 malunt
775 1409 924 1467 seorsum
944 1410 1088 1469 tractare
1109 1419 1211 1485 quam
1234 1401 1268 1466 in
1290 1400 1426 1466 auribus

326 1505 489 1571 omnium.
534 1503 687 1569 Maxime
700 1514 812 1570 autem
832 1515 969 1591 propter
982 1505 1046 1573 hoc
1060 1505 1094 1570 in
1113 1515 1243 1590 partem
1257 1505 1428 1584 secedunt,

328 1629 371 1675 ne
393 1609 541 1694 compoti
563 1608 620 1693 qui
642 1609 687 1674 ad
709 1610 908 1676 scaccarium
931 1609 1016 1676 fiunt
1037 1610 1284 1695 impediantur;
1305 1609 1428 1694 quibus

330 1732 459 1778 moram
484 1711 679 1778 iacientibus
706 1712 740 1776 in
772 1711 918 1778 consiliis
939 1723 1117 1780 consuetus
1147 1733 1261 1780 cursus
1290 1733 1428 1796 compo-

328 1825 437 1882 torum
448 1816 567 1902 agitur.
612 1814 649 1882 Si
661 1815 741 1900 quid
752 1836 830 1882 vero
840 1826 955 1884 natum
968 1817 1066 1886 luerit
1077 1818 1258 1904 questionis
1268 1815 1429 1883 reseretur

280 1941 312 2000 rr
328 1921 372 1986 ad
387 1941 455 1987 eos.
500 1920 659 1985 Liberum
679 1919 780 1986 etiam
799 1931 850 1987 est
869 1922 1006 1990 ostiario
1024 1932 1060 1989 vt
1079 1923 1283 2009 quibuslibet
1305 1941 1428 2006 magne

328 2024 536 2092 auctoritatis
553 2023 631 2090 viris
651 2023 778 2091 adhoc
798 2046 881 2110 opus
901 2046 968 2092 non
988 2026 1178 2094 necessariis
1197 2027 1334 2110 impune
1355 2045 1428 2109 pre-

327 2127 443 2196 cludat
464 2129 593 2194 aditum
614 2147 691 2194 cum
714 2128 876 2208 voluerit;
905 2130 984 2195 solis
1006 2151 1084 2196 vero
1105 2130 1169 2196 biis
1194 2131 1251 2214 qui
1269 2131 1314 2196 ad
1337 2149 1428 2196 scac-

330 2233 459 2298 carium
474 2252 518 2296 ex
533 2232 643 2298 officio
657 2230 710 2297 vel
724 2253 770 2298 ex
784 2233 870 2316 regis
885 2235 1042 2300 mandato
1055 2234 1208 2316 resident,
1222 2233 1429 2300 voluntarius

330 2345 428 2422 patet
439 2336 606 2420 ingressus
615 2336 649 2400 in
659 2344 835 2421 utrumque
846 2336 1039 2405 thalamum.
1090 2337 1231 2423 Quodsi
1243 2339 1431 2405 auctentice

280 2469 314 2509 ro
332 2450 409 2506 sunt
428 2460 576 2524 persone,
591 2461 675 2524 quas
696 2441 905 2525 singulariter
925 2441 1076 2508 incedere
1097 2462 1166 2510 non
1188 2453 1239 2509 est
1262 2443 1431 2522 idoneum,

327 2565 434 2610 vnum
449 2543 502 2610 vel
515 2547 600 2613 duos
621 2545 827 2614 introducere
844 2555 1000 2631 poterunt
1014 2549 1049 2612 in
1068 2547 1268 2614 exteriorem
1288 2547 1429 2612 domum

327 2650 500 2727 scaccarii3
529 2650 588 2715 sed
618 2650 653 2714 in
675 2649 862 2716 thalamum
891 2661 1094 2718 secretorum
1122 2650 1185 2716 soli
1211 2650 1352 2716 maiores
1381 2651 1431 2714 in·

336 2763 480 2835 troeunt,
501 2753 619 2819 ceteris
634 2753 777 2819 exclusis
792 2753 855 2819 nisi
871 2775 946 2820 cum
961 2756 1005 2821 ad
1020 2753 1167 2841 quelibet
1189 2753 1282 2839 regia
1296 2753 1433 2838 negotia

331 2857 498 2941 explenda
523 2878 545 2923 a
567 2857 710 2922 dominis
735 2857 804 2922 suis
827 2867 998 2926 vocantur.
1043 2858 1131 2924 Item
1153 2857 1306 2923 ostiarius
1326 2857 1432 2924 iactas

282 2989 314 3040 25
334 2961 609 3026 summonitiones
637 2971 673 3028 et
701 2961 847 3045 signatas
876 2983 898 3027 a
928 2961 1121 3028 marescallo
1149 2961 1298 3047 suscipit,
1320 2960 1433 3028 soluto

332 3065 498 3131 scaccario
512 3063 599 3130 illius
610 3065 753 3146 termini,
763 3075 797 3130 et
808 3065 842 3130 in
858 3066 992 3150 propria
1003 3085 1144 3150 persona
1154 3064 1207 3130 vel
1223 3085 1283 3148 per
1297 3061 1432 3130 fidelem

328 3169 486 3235 nuncium
497 3190 558 3254 per
570 3168 743 3254 Angliam,
754 3171 839 3235 sicut
853 3170 1080 3252 supradictum
1095 3178 1157 3248 est,
1167 3168 1303 3234 easdem
1314 3165 1433 3233 desert.

331 3273 397 3338 Hic
413 3274 513 3340 etiam
530 3293 574 3338 ex
594 3273 756 3339 mandato
772 3273 970 3358 presidentis
990 3281 1153 3338 conuocat
1170 3271 1205 3336 in
1225 3272 1432 3356 presentiam

328 3375 400 3441 eius
420 3377 631 3443 vicecomites
653 3376 710 3460 qui
733 3387 831 3442 extra
854 3377 992 3442 domum
1014 3375 1272 3459 circumquaque
1293 3373 1433 3458 dispersi

284 3507 316 3558 30
332 3489 409 3545 sunt
431 3501 507 3546 cum
529 3481 707 3563 indiguerit
728 3480 803 3545 illis.
849 3481 937 3546 Item
959 3481 1004 3546 ad
1029 3479 1118 3545 hunc
1140 3479 1284 3563 pertinet
1307 3488 1344 3544 vt
1367 3477 1434 3543 sol·

329 3583 441 3651 licitus
463 3585 508 3650 sit
534 3585 621 3651 circa
643 3585 772 3651 minuta
797 3583 944 3670 quelibet
970 3583 1241 3666 necessariaque
1268 3583 1303 3646 in
1328 3583 1433 3650 domo

330 3689 485 3755 scaccarii
514 3697 601 3765 sunt,
627 3686 719 3754 velut
748 3689 791 3754 ad
817 3688 995 3754 sternenda
1023 3696 1058 3754 et
1083 3687 1291 3771 preparanda
1316 3687 1434 3752 sedilia

329 3791 418 3858 circa
435 3792 635 3859 scaccarium
651 3800 685 3858 et
702 3791 902 3858 huiusmodi.
947 3791 1005 3856 Ex
1023 3789 1190 3876 predictis,
1205 3798 1242 3856 vt
1256 3791 1434 3872 credimus,

328 3896 373 3960 de
387 3895 503 3962 officiis
523 3895 672 3960 omniurn
686 3895 744 3979 qui
758 3896 802 3961 ad
822 3893 1023 3961 scaccarium
1042 3895 1185 3962 resident
1203 3893 1266 3960 tibi
1281 3902 1436 3960 constare

368 4121 380 4164 1
401 4105 598 4164 officiabilibus
609 4108 638 4162 R
704 4119 718 4178 ς
738 4106 775 4162 de
787 4103 885 4174 domo]
897 4103 983 4167 demo
995 4105 1034 4159 N
1089 4105 1106 4160 8
1124 4103 1278 4178 accedunt]
1290 4105 1397 4162 cedunt
1411 4106 1437 4162 C

332 4191 365 4246 te
379 4177 538 4259 ‚refernuc
598 4182 629 4234 16
640 4175 696 4260 uad]
710 4179 787 4234 abR
851 4177 883 4232 18
898 4177 1153 4248 posteriusexonn
1168 4177 1207 4260 C⁹
1237 4177 1437 4303 presidenti}

329 4245 507 4377 panucladc
570 4247 719 4312 aosth
778 4247 972 4305 anetamlv
1030 4247 1226 4318 rupresemra
1326 4262 1364 4318 34
1382 4249 1435 4305 ubr
