3210 4864
337 271 379 337 ⁶⁶
705 269 773 336 un
795 269 1068 338 scnccnmo
1222 272 1231 293 ’
1317 269 1347 364 [1
1362 273 1438 341 nic

302 463 327 515 G
341 445 374 508 in
397 443 557 530 superiori
581 443 744 510 scaccario
769 442 920 510 similiter
940 463 972 508 v.
1016 442 1167 527 Scriptor
1194 444 1379 512 cancellarii
1405 469 1437 512 v.

338 550 418 615 Duo
448 549 571 614 milites
599 547 703 613 baiuli
731 547 875 613 clauium
905 548 1044 632 quisque
1072 547 1106 612 in
1135 547 1191 612 die
1213 548 1281 613 viii.
1308 549 1439 616 ratione

337 653 477 732 militie;
513 661 663 718 asserunt
692 652 778 716 enim
807 651 898 735 quod
927 651 1020 734 equis
1052 651 1245 716 necessariis
1274 661 1309 718 et
1338 653 1438 719 armis

336 754 485 822 instructi
509 755 580 822 sore
604 765 777 821 teneantur
801 764 838 819 vt
863 775 939 820 cum
966 754 1120 820 thesauro
1147 755 1238 821 missi
1264 757 1355 840 quod
1385 756 1437 821 sui

309 855 435 927 sofficii
452 856 551 924 suerit
572 857 768 942 oportunius
787 857 834 922 sic
856 867 1073 941 exequantur.
1118 857 1217 924 Miles
1231 861 1438 942 argentarius

336 961 395 1026 xii.
407 961 442 1026 in
451 961 515 1027 die
538 963 685 1027 Fusorv.
716 961 904 1028 Hostiarius
915 961 1049 1032 maioris
1060 962 1212 1028 scaccarii
1223 983 1254 1026 v.
1285 961 1439 1046 Quatuor

337 1075 584 1150 computatores
604 1065 742 1150 quisque
769 1066 812 1130 iii.
833 1064 861 1130 si
887 1063 1071 1130 Londoniis
1094 1076 1181 1143 sunt,
1204 1067 1233 1132 si
1256 1066 1437 1146 Wintonie,

336 1169 416 1254 quia
442 1170 520 1236 inde
544 1169 654 1236 solent
679 1169 812 1248 assumi,
835 1169 869 1235 ii.
891 1168 1031 1254 quisque
1057 1167 1166 1235 haber.
1209 1169 1308 1254 vigil,
1332 1191 1436 1236 vnum

336 1273 518 1340 denarium.
553 1272 613 1340 Ad
643 1273 755 1338 lumen
785 1273 943 1357 cuiusque
979 1273 1086 1339 noctis
1116 1273 1200 1338 circa
1235 1273 1437 1352 thesaurum,

293 1375 463 1442 roobulus

379 1479 576 1564 Discipulos.
617 1480 807 1546 Hostiarius
821 1479 966 1547 thesauri
982 1499 1050 1564 qua
1064 1479 1190 1546 ratione
1205 1479 1436 1546 liberationem

335 1583 426 1650 solus
440 1603 508 1649 non
522 1582 685 1668 percipit?

379 1686 555 1770 Magister.
590 1687 668 1752 Non
679 1687 759 1753 satis
769 1685 856 1767 noui,
868 1687 926 1751 sed
941 1696 1055 1752 tamen
1070 1686 1149 1770 quia
1163 1686 1295 1751 videtur
1308 1686 1435 1771 aliquid

337 1791 503 1875 percipere
517 1791 642 1858 ratione
656 1791 754 1857 hostii
770 1802 804 1856 et
824 1811 885 1876 pro
905 1791 1085 1856 forulorum
1106 1801 1140 1856 et
1158 1791 1320 1856 talearum
1340 1793 1435 1856 mini·

293 1915 323 1966 ¹5
337 1895 437 1960 sterio
456 1895 685 1961 liberationem
701 1894 786 1960 lorte
801 1915 868 1959 non
883 1893 1000 1979 recipit
1014 1893 1067 1959 vel
1086 1894 1171 1960 iorte
1185 1895 1262 1978 quia
1281 1915 1348 1960 non
1366 1895 1436 1980 regi

336 1999 396 2063 sed
415 2000 520 2080 magis
539 1997 742 2064 thesaurario
765 2007 799 2062 et
820 1997 1007 2065 camerariis
1029 1999 1152 2063 seruire
1166 2000 1297 2064 videtur
1310 1999 1343 2063 in
1358 2020 1434 2066 cus-

336 2101 428 2167 todia
447 2100 546 2168 hostii
566 2103 687 2167 domus
706 2121 830 2168 eorum.
875 2101 950 2167 Hac
969 2099 1043 2186 lege
1061 2103 1196 2168 minoris
1213 2102 1366 2168 scaccarii
1381 2101 1436 2168 vel

336 2215 468 2289 recepte
483 2205 567 2270 ratio
582 2205 738 2271 subsistit.

378 2307 574 2393 Dbczpulus.
620 2309 676 2376 Sic
691 2309 790 2374 michi
805 2307 1010 2375 satisfactum
1026 2319 1076 2375 est
1098 2309 1131 2374 in
1146 2307 1208 2373 hac
1224 2317 1319 2392 parte
1335 2317 1373 2374 vt
1388 2309 1436 2374 nil

292 2436 324 2472 ιο
337 2411 452 2478 deesse
466 2413 626 2478 videatur.
667 2413 765 2478 Nunc
780 2433 860 2498 ergo
875 2433 901 2476 sr
893 2413 1025 2496 placet
1038 2433 1237 2496 prosequere
1247 2414 1290 2478 de
1302 2413 1434 2478 maiore.

273 2509 322 2569 illi
379 2515 552 2600 Magister.
610 2515 704 2582 Licet
726 2537 840 2582 eorum
863 2517 920 2601 qui
941 2519 984 2582 ad
1007 2517 1114 2582 maius
1136 2516 1334 2581 scaccarium
1355 2516 1435 2582 resi·

298 2591 425 2698 Aderit,
445 2617 553 2686 officia
574 2621 774 2705 quibusdam
795 2621 971 2686 videantur
993 2620 1250 2705 proprietatibus
1273 2641 1347 2686 esse
1368 2621 1435 2686 dis·

335 2724 440 2790 tincta
454 2745 554 2789 vnum
570 2733 682 2790 tamen
697 2723 842 2801 officium
862 2723 1009 2788 omnium
1025 2734 1075 2788 est
1090 2734 1125 2788 et
1142 2723 1284 2788 intentio
1297 2732 1335 2788 vt
1349 2723 1435 2809 regis

335 2829 467 2893 utilitati
491 2829 703 2912 prospiciant,
725 2829 817 2894 salua
839 2837 952 2892 tamen
974 2829 1130 2910 equitate,
1152 2827 1332 2892 secundum
1356 2847 1435 2893 con-

293 2948 322 2999 25
336 2933 468 2997 stitutas
497 2933 587 3016 leges
612 2933 775 2998 scaccarii.
820 2932 904 2996 Eius
932 2941 1046 2996 autem
1072 2931 1158 2996 ratio
1189 2930 1242 2995 vel
1270 2931 1435 2997 institutio

337 3055 412 3100 cum
426 3037 499 3120 ipsa
514 3037 672 3121 temporis
690 3036 889 3119 antiquitate
907 3043 978 3101 tum
999 3054 1193 3119 magnorum
1208 3034 1266 3118 qui
1286 3035 1435 3101 assident

335 3141 532 3206 auctoritate
550 3141 704 3206 roborata
721 3139 877 3204 subsistit.
914 3139 973 3204 Ab
992 3139 1063 3223 ipsa
1082 3159 1225 3221 namque
1243 3139 1334 3221 regni
1357 3160 1435 3204 con·

335 3243 510 3326 quisitione
522 3263 581 3328 per
591 3263 702 3329 regern
715 3242 916 3308 Willelmum
927 3241 1015 3307 iacta
1030 3243 1156 3326 cepisse
1167 3243 1287 3308 dicitur
1299 3254 1435 3328 sumpta

336 3356 449 3412 tamen
471 3348 573 3430 ipsius
595 3348 722 3412 ratione
752 3367 773 3412 a
795 3347 956 3411 scaccario
978 3346 1205 3411 transmarino.
1250 3345 1377 3411 Verum
1400 3348 1433 3412 in

291 3467 323 3518 30
335 3449 485 3534 plurimis
494 3460 528 3515 et
540 3469 625 3534 pene
637 3451 815 3515 maioribus
827 3449 995 3515 dissident.
1022 3447 1109 3514 Sunt
1119 3449 1220 3514 etiam
1232 3450 1288 3532 qui
1298 3450 1435 3516 credant

334 3575 430 3620 vsum
456 3555 528 3618 eius
554 3553 616 3618 sub
641 3554 771 3637 regibus
800 3553 953 3637 Anglicis
983 3553 1135 3618 extitisse
1161 3553 1237 3617 hinc
1263 3563 1433 3619 sumentes

334 3657 433 3722 huius
449 3659 494 3722 rei
517 3667 749 3740 argumentum
772 3657 861 3740 quod
884 3655 991 3722 coloni
1013 3657 1132 3721 etiam
1154 3657 1314 3740 decrepiti
1335 3676 1432 3722 senes

334 3759 512 3836 fundorum
528 3761 658 3826 illorum
673 3763 731 3845 qui
749 3781 869 3827 corone
886 3761 1144 3825 annominantur
1162 3779 1304 3843 quorum
1321 3761 1354 3824 in
1368 3759 1433 3826 hiis

335 3883 418 3930 cana
438 3865 597 3930 memoria
618 3874 670 3930 est
692 3865 819 3949 optime
841 3863 993 3930 nouerint
1015 3885 1036 3929 a
1059 3863 1210 3946 patribus
1232 3863 1299 3929 suis
1321 3863 1432 3930 edocti

372 4039 417 4098 50
456 4023 805 4168 rtuniusiapostumusN.
825 4043 877 4082 orn.
885 4025 913 4080 R
1018 4025 1035 4081 6
1042 4024 1169 4108 postxii.
1180 4026 1245 4082 add.
1258 4024 1389 4082 denarios
1402 4025 1437 4080 N

335 4109 371 4164 7·
374 4111 406 4164 14
432 4107 562 4168 computa
575 4109 691 4154 tores..
705 4098 833 4153 .ratione
845 4095 891 4152 N’
1025 4095 1150 4167 7''post
1133 4095 1169 4152 ni.
1179 4096 1243 4152 adri.
1256 4097 1387 4152 denarios
1399 4096 1436 4150 N

335 4167 425 4223 Luud.
437 4168 622 4223 RiuerintN
690 4183 719 4224 11
732 4185 855 4294 quaem.
868 4167 894 4224 C
965 4181 996 4222 12
1015 4167 1155 4223 solusom.
1168 4167 1204 4222 N
1257 4181 1291 4236 23
1305 4167 1431 4222 omnium

334 4255 387 4292 om.
400 4239 434 4292 N
485 4253 520 4306 24
533 4239 718 4310 propreiciant
812 4253 846 4308 29
863 4238 971 4294 ratione
980 4237 1130 4310 rpsrusC
1162 4237 1431 4320 31p0sth1ncadd

334 4309 431 4381 ospiti
444 4325 527 4366 senes
540 4309 623 4381 (quae
633 4311 691 4366 duo
701 4311 788 4366 verba
796 4311 911 4380 punctu
922 4309 1037 4380 delent)
1050 4309 1088 4364 N
1171 4323 1205 4380 32
1224 4326 1263 4365 rer
1256 4308 1359 4366 'huius
1372 4309 1431 4364 NR
