3210 4864
185 301 236 354 lv
250 286 287 372 c]
548 285 615 352 DE
639 284 912 354 SCACCARIO
1240 286 1283 374 69

183 468 328 543 quatuor
353 459 508 526 scaccarii
531 457 636 524 latera
661 467 805 544 quatuor
829 459 909 545 poni
932 459 1048 526 sedilia
1071 459 1124 524 vel
1151 480 1283 526 scanne.

184 562 244 628 Ad
261 565 370 647 capud
389 584 468 628 vero
483 563 647 642 scaccarii,
662 563 727 629 hoc
748 574 799 630 est
814 565 902 628 vnde
917 561 1060 630 latitudo
1080 565 1283 642 discernitur,

185 669 220 732 in
237 669 429 733 medionon
450 667 564 733 sedilis
579 667 638 732 sed
652 667 809 734 scaccarii
821 667 913 733 locus
929 677 979 732 est
994 668 1080 734 illius
1096 668 1284 754 principalis

185 771 318 854 dequo
347 770 603 856 supradiximus.
650 771 690 835 In
720 772 794 836 leua
823 772 893 837 eius
923 773 1031 856 primo
1057 771 1131 838 loco
1160 773 1284 837 residet

184 873 397 940 cancellarius
426 875 556 939 ratione
585 875 683 939 officii
709 875 771 956 sui,
799 875 826 939 si
855 875 972 940 adesse
997 895 1072 940 eum
1100 875 1312 959 contigerit,5

184 977 371 1060 posthunc
394 977 489 1042 miles
511 977 681 1062 gregarius
704 999 804 1061 quem
831 978 1111 1044 constabularium
1134 979 1319 1058 dicimusB

184 1090 262 1164 post
288 1080 377 1146 hunc
398 1081 467 1146 duo
486 1083 667 1160 camerarii,
692 1083 781 1166 prior
803 1093 915 1148 autem
939 1082 996 1166 qui
1022 1082 1142 1146 intuitu
1166 1103 1285 1165 proue-

184 1186 297 1249 ctioris
314 1185 414 1250 etatis
427 1185 647 1252 venerabilior
663 1207 735 1252 esse
749 1187 924 1264 videbitur,
940 1196 1016 1270 post
1034 1186 1096 1251 hos
1115 1185 1209 1250 miles
1226 1171 1288 1272 qui

184 1289 286 1372 vulgo
301 1290 422 1354 dicitur
453 1289 674 1354 marescallus.
720 1289 913 1356 luseruntur
940 1299 1054 1354 tamen
1083 1289 1284 1373 quandoque

185 1393 241 1457 alii
257 1393 320 1458 hiis
335 1393 525 1458 absentibus
542 1393 596 1459 vel
612 1393 696 1460 sorte
714 1393 761 1458 eis
778 1393 986 1478 presentibus
1001 1393 1029 1456 si
1049 1402 1143 1457 tanta
1158 1391 1284 1458 scilicet
1298 1413 1330 1450 10

185 1496 284 1562 fuerit
301 1498 481 1562 auctoritas
498 1517 612 1564 eorum
628 1496 685 1581 qui
701 1519 721 1563 a
736 1517 814 1580 rege
835 1497 1042 1562 destinantur
1055 1505 1092 1561 vt
1107 1496 1153 1560 eis
1168 1496 1285 1560 cedere

186 1601 356 1680 debeant;
379 1609 413 1665 ct
433 1601 496 1667 hec
518 1611 568 1666 est
591 1601 767 1686 dispositio
789 1601 887 1686 primi
909 1598 1032 1665 sedilis.
1079 1599 1118 1662 In
1137 1599 1284 1664 secundo

185 1725 264 1772 vero
279 1706 368 1789 quod
385 1705 492 1770 estad
510 1704 595 1768 latus
606 1703 823 1788 longitudinis
834 1703 985 1768 scaccarii
1001 1703 1035 1767 in
1047 1703 1157 1787 primo
1174 1701 1285 1784 capite

186 1809 309 1875 residet
325 1807 460 1874 clericus
471 1806 525 1873 vel
538 1807 621 1872 alius
632 1808 779 1872 seruiens
790 1807 1042 1872 camerariorum
1055 1826 1131 1871 cum
1144 1806 1285 1871 recautis

185 1912 250 1978 hoc
266 1921 317 1977 est
332 1932 407 1978 cum
425 1910 637 1978 contrataleis
652 1910 695 1975 de
715 1920 859 1996 recepta,
873 1921 949 1996 post
968 1909 1065 1987 hunc,
1081 1908 1284 1994 interpositis
1299 1927 1329 1979 15

186 2017 388 2099 quibusdam
412 2015 469 2098 qui
499 2035 568 2080 non
600 2035 645 2080 ex
672 2013 781 2082 officio
807 2015 952 2080 resident
981 2023 1032 2078 set
1057 2022 1134 2079 sunt
1163 2033 1184 2076 a
1207 2032 1285 2095 rege

187 2120 290 2200 missi,
305 2120 396 2186 locus
411 2130 462 2184 est
476 2118 570 2204 quasi
587 2119 621 2183 in
636 2118 747 2184 medio
762 2117 872 2184 lateris
887 2117 1041 2182 scaccarii
1057 2116 1103 2180 illi
1119 2117 1175 2200 qui
1192 2135 1284 2180 com-

185 2234 286 2308 potos
301 2223 466 2306 positione
482 2223 579 2307 ponit
596 2221 796 2287 calculorum
811 2242 819 2300 ;
844 2231 920 2306 post
936 2218 1023 2285 hunc
1039 2219 1141 2302 aliqui
1156 2239 1222 2283 non
1238 2239 1284 2283 ex

186 2327 295 2392 officio
310 2326 483 2392 necessarii
492 2337 605 2392 tamen
621 2335 655 2392 et
666 2325 700 2390 in
712 2324 778 2390 fine
788 2323 900 2390 sedilis
911 2323 998 2388 illius
1013 2324 1135 2388 residet
1150 2323 1285 2388 clericus

187 2431 244 2514 qui
259 2432 434 2515 scriptorio
454 2441 565 2515 preest
583 2439 618 2496 et
638 2429 691 2496 bic
713 2450 758 2494 ex
777 2428 893 2494 officio.
958 2426 1015 2494 Sic
1030 2427 1133 2492 habes
1147 2427 1284 2492 secundi
1299 2447 1332 2483 ιο

187 2535 301 2599 scanni
316 2533 580 2619 dispositionem.
611 2533 738 2599 Verum
749 2533 792 2598 ad
808 2533 964 2598 dextram
983 2531 1178 2616 presidentis
1194 2529 1286 2596 iusti·

187 2638 274 2703 tiarii
304 2639 427 2703 residet
460 2639 569 2722 primo
599 2637 674 2705 loco
710 2657 798 2702 nunc
835 2635 1073 2701 Wintoniensis
1110 2635 1287 2719 episcopus

187 2743 358 2824 quondam
383 2743 586 2808 Pictauensis
608 2741 858 2806 archidiaconus
881 2759 926 2804 ex
948 2738 1056 2803 officio
1075 2739 1210 2822 quidem
1235 2746 1286 2802 set

191 2867 234 2911 ex
250 2845 382 2911 nouella
391 2846 682 2922 constitutionem
693 2844 816 2911 scilicet
831 2843 1004 2929 proximus
1023 2843 1066 2908 sit
1081 2841 1286 2907 thesaurario

188 2959 222 3014 et
244 2950 405 3033 scripture
426 2949 526 3014 rotuli
549 2949 727 3033 diligenter
747 2947 909 3014 intendat.
955 2946 1035 3010 Post
1057 2944 1145 3008 hunc
1166 2944 1287 3010 residet
1301 2963 1331 3016 ²5

188 3053 410 3118 thesaurarius
426 3052 459 3117 in
476 3053 586 3138 capite
601 3053 745 3118 secunde
759 3051 846 3116 sedis
864 3049 898 3114 in
913 3050 1062 3126 dextera,
1079 3049 1130 3114 cui
1146 3046 1285 3132 diligen·

189 3158 318 3223 tissima
333 3177 411 3222 cura
423 3167 474 3223 est
485 3177 545 3242 per
556 3156 685 3240 singula
696 3176 761 3239 que
774 3155 839 3218 illic
850 3162 1007 3240 geruntur
1018 3151 1113 3234 quasi
1126 3152 1286 3216 rationem

156 3335 158 3340 ,
188 3262 232 3327 de
245 3261 310 3328 hiis
324 3261 481 3326 omnibus
496 3261 525 3326 si
543 3259 725 3346 oportuerit
740 3259 918 3324 reddituro.
964 3257 1045 3321 Post
1062 3254 1150 3320 hunc
1165 3255 1288 3320 residet

191 3365 327 3430 clericus
353 3365 423 3429 eius
448 3363 590 3448 scriptor
611 3361 709 3430 rotuli
736 3362 778 3426 de
803 3361 966 3435 thesauro,
990 3367 1067 3442 post
1091 3357 1177 3423 hunc
1202 3355 1287 3421 alius

189 3471 330 3554 scriptor
348 3469 447 3533 rotuli
467 3469 511 3533 de
530 3465 735 3546 cancellaria,
749 3473 826 3550 post
846 3464 933 3548 hunc
951 3463 1087 3528 clericus
1102 3461 1286 3528 cancellarii
1301 3479 1335 3528 30

188 3573 245 3658 qui
269 3572 402 3638 oculata
423 3571 489 3637 fide
511 3589 641 3656 semper
662 3569 822 3655 prospicit
844 3577 881 3632 vt
902 3567 1029 3633 rotulus
1050 3586 1129 3631 suus
1151 3563 1206 3630 alii
1230 3571 1321 3648 perc

188 3677 319 3761 singula
334 3676 534 3761 respondeat
543 3683 579 3738 vt
594 3693 655 3739 nec
671 3675 739 3738 iota
753 3693 855 3737 vnum
871 3672 957 3736 desit
972 3691 1033 3735 nec
1044 3670 1129 3734 alius
1143 3669 1187 3733 sit
1202 3668 1287 3732 ordo

188 3781 361 3861 scribendi,
372 3789 449 3863 post
463 3779 551 3844 hunc
565 3777 660 3862 quasi
672 3777 706 3841 iu
717 3776 783 3840 fine
794 3774 905 3841 sedilis
917 3775 1002 3840 illius
1017 3775 1138 3840 residet
1150 3771 1289 3838 clericus
1320 3795 1322 3800 ·

190 3883 438 3962 constabularie‚
454 3902 593 3966 magnus
616 3881 752 3965 quidem
774 3888 808 3945 et
828 3879 992 3945 officiosus
1007 3877 1040 3942 in
1059 3875 1187 3942 domini
1203 3873 1288 3959 regis

189 3988 279 4052 curia
295 3995 328 4050 et
343 3985 398 4050 hic
413 3985 547 4069 quidem
564 3985 691 4050 habens
705 3981 848 4071 officium
869 3981 960 4065 quod
976 4001 1036 4065 per
1055 4001 1092 4045 se
1106 3981 1216 4064 ipsum
1234 3977 1287 4044 vel
1302 3997 1333 4048 3⁵

225 4121 404 4194 scontingat
416 4121 453 4175 N
455 4191 462 4204 ο
531 4119 710 4190 7posteaN
785 4118 1043 4188 9lnseruunturR
1122 4117 1156 4172 16
1166 4115 1289 4199 'quibus-

189 4191 612 4273 dachmr.:qu1busCll'R
698 4191 787 4259 17,18
806 4189 978 4260 compotoR
1058 4185 1290 4270 18pon1tom.C
