<?xml version="1.0" encoding="UTF-8"?>
<!DOCTYPE html PUBLIC "-//W3C//DTD XHTML 1.0 Transitional//EN"
    "http://www.w3.org/TR/xhtml1/DTD/xhtml1-transitional.dtd">
<html xmlns="http://www.w3.org/1999/xhtml" xml:lang="en" lang="en">
 <head>
  <title>
</title>
<meta http-equiv="Content-Type" content="text/html;charset=utf-8" />
  <meta name='ocr-system' content='tesseract 3.04.00' />
  <meta name='ocr-capabilities' content='ocr_page ocr_carea ocr_par ocr_line ocrx_word'/>
</head>
<body>
  <div class='ocr_page' id='page_1' title='image "./denecessariisob00fitzgoog_0153.png"; bbox 0 0 3228 4868; ppageno 0'>
   <div class='ocr_carea' id='block_1_1' title="bbox 350 273 1447 368">
    <p class='ocr_par' dir='ltr' id='par_1_1' title="bbox 350 273 1447 368">
     <span class='ocr_line' id='line_1_1' title="bbox 350 273 1447 368; baseline 0.002 -26"><span class='ocrx_word' id='word_1_1' title='bbox 350 276 413 362; x_wconf 82' lang='lat'>138</span> <span class='ocrx_word' id='word_1_2' title='bbox 719 277 786 344; x_wconf 88' lang='lat' dir='ltr'>DE</span> <span class='ocrx_word' id='word_1_3' title='bbox 810 273 1086 347; x_wconf 87' lang='lat' dir='ltr'>SCACCARIO</span> <span class='ocrx_word' id='word_1_4' title='bbox 1330 275 1376 368; x_wconf 88' lang='lat'>[11</span> <span class='ocrx_word' id='word_1_5' title='bbox 1392 301 1417 346; x_wconf 90' lang='lat' dir='ltr'>x</span> <span class='ocrx_word' id='word_1_6' title='bbox 1435 293 1447 344; x_wconf 91' lang='lat'>1</span> 
     </span>
    </p>
   </div>
   <div class='ocr_carea' id='block_1_2' title="bbox 347 448 1447 844">
    <p class='ocr_par' dir='ltr' id='par_1_2' title="bbox 347 448 1447 844">
     <span class='ocr_line' id='line_1_2' title="bbox 349 448 1447 534; baseline 0.003 -20"><span class='ocrx_word' id='word_1_7' title='bbox 349 449 556 532; x_wconf 88' lang='lat' dir='ltr'>delinquunt.</span> <span class='ocrx_word' id='word_1_8' title='bbox 617 448 769 517; x_wconf 81' lang='lat' dir='ltr'>Publicus</span> <span class='ocrx_word' id='word_1_9' title='bbox 799 449 900 534; x_wconf 90' lang='lat' dir='ltr'>igitur</span> <span class='ocrx_word' id='word_1_10' title='bbox 928 457 963 514; x_wconf 87' lang='lat' dir='ltr'>ct</span> <span class='ocrx_word' id='word_1_11' title='bbox 991 450 1130 516; x_wconf 83' lang='lat' dir='ltr'>usitatas</span> <span class='ocrx_word' id='word_1_12' title='bbox 1160 467 1275 517; x_wconf 79' lang='lat' dir='ltr'>usuras</span> <span class='ocrx_word' id='word_1_13' title='bbox 1306 451 1447 517; x_wconf 81' lang='lat' dir='ltr'>dicimus</span> 
     </span>
     <span class='ocr_line' id='line_1_3' title="bbox 349 553 1447 636; baseline 0.005 -20"><span class='ocrx_word' id='word_1_14' title='bbox 349 554 494 635; x_wconf 90' lang='lat' dir='ltr'>quando,</span> <span class='ocrx_word' id='word_1_15' title='bbox 515 571 609 617; x_wconf 88' lang='lat' dir='ltr'>more</span> <span class='ocrx_word' id='word_1_16' title='bbox 628 553 816 631; x_wconf 85' lang='lat' dir='ltr'>iudeorum,</span> <span class='ocrx_word' id='word_1_17' title='bbox 831 553 865 617; x_wconf 90' lang='lat' dir='ltr'>in</span> <span class='ocrx_word' id='word_1_18' title='bbox 887 553 1005 618; x_wconf 86' lang='lat' dir='ltr'>eadem</span> <span class='ocrx_word' id='word_1_19' title='bbox 1026 553 1137 636; x_wconf 86' lang='lat' dir='ltr'>specie</span> <span class='ocrx_word' id='word_1_20' title='bbox 1159 573 1204 618; x_wconf 84' lang='lat' dir='ltr'>ex</span> <span class='ocrx_word' id='word_1_21' title='bbox 1226 555 1447 621; x_wconf 88' lang='lat' dir='ltr'>conuentione</span> 
     </span>
     <span class='ocr_line' id='line_1_4' title="bbox 347 657 1446 742; baseline 0.005 -22"><span class='ocrx_word' id='word_1_22' title='bbox 347 660 424 740; x_wconf 88' lang='lat' dir='ltr'>quis</span> <span class='ocrx_word' id='word_1_23' title='bbox 457 657 601 742; x_wconf 90' lang='lat' dir='ltr'>amplius</span> <span class='ocrx_word' id='word_1_24' title='bbox 633 667 845 740; x_wconf 83' lang='lat' dir='ltr'>percepturus</span> <span class='ocrx_word' id='word_1_25' title='bbox 874 667 933 734; x_wconf 90' lang='lat' dir='ltr'>est,</span> <span class='ocrx_word' id='word_1_26' title='bbox 962 677 1064 741; x_wconf 88' lang='lat' dir='ltr'>quam</span> <span class='ocrx_word' id='word_1_27' title='bbox 1093 659 1329 734; x_wconf 78' lang='lat' dir='ltr'>commodauit,</span> <span class='ocrx_word' id='word_1_28' title='bbox 1360 660 1446 726; x_wconf 89' lang='lat' dir='ltr'>sicut</span> 
     </span>
     <span class='ocr_line' id='line_1_5' title="bbox 348 749 1445 844; baseline 0.005 -22"><span class='ocrx_word' id='word_1_29' title='bbox 348 758 466 824; x_wconf 86' lang='lat' dir='ltr'>libram</span> <span class='ocrx_word' id='word_1_30' title='bbox 496 779 557 844; x_wconf 91' lang='lat' dir='ltr'>pro</span> <span class='ocrx_word' id='word_1_31' title='bbox 587 780 698 825; x_wconf 87' lang='lat' dir='ltr'>marca</span> <span class='ocrx_word' id='word_1_32' title='bbox 726 761 779 824; x_wconf 91' lang='lat' dir='ltr'>vel</span> <span class='ocrx_word' id='word_1_33' title='bbox 808 779 870 844; x_wconf 91' lang='lat' dir='ltr'>pro</span> <span class='ocrx_word' id='word_1_34' title='bbox 899 749 984 824; x_wconf 83' lang='lat' dir='ltr'>libra</span> <span class='ocrx_word' id='word_1_35' title='bbox 1006 761 1138 844; x_wconf 82' lang='lat' dir='ltr'><strong>argenti</strong></span> <span class='ocrx_word' id='word_1_36' title='bbox 1167 761 1200 826; x_wconf 89' lang='lat' dir='ltr'>ii.</span> <span class='ocrx_word' id='word_1_37' title='bbox 1227 761 1381 828; x_wconf 66' lang='lat' dir='ltr'>denarios</span> <span class='ocrx_word' id='word_1_38' title='bbox 1410 763 1445 828; x_wconf 88' lang='lat' dir='ltr'>in</span> 
     </span>
    </p>
   </div>
   <div class='ocr_carea' id='block_1_3' title="bbox 318 864 1547 950">
    <p class='ocr_par' dir='ltr' id='par_1_3' title="bbox 318 864 1547 950">
     <span class='ocr_line' id='line_1_6' title="bbox 318 864 1547 950; baseline 0.005 -20"><span class='ocrx_word' id='word_1_39' title='bbox 318 867 570 950; x_wconf 61' lang='lat' dir='ltr'>aseptimanam</span> <span class='ocrx_word' id='word_1_40' title='bbox 590 866 634 931; x_wconf 88' lang='lat' dir='ltr'>de</span> <span class='ocrx_word' id='word_1_41' title='bbox 652 864 743 932; x_wconf 90' lang='lat' dir='ltr'>lucro</span> <span class='ocrx_word' id='word_1_42' title='bbox 764 875 873 948; x_wconf 90' lang='lat' dir='ltr'>preter</span> <span class='ocrx_word' id='word_1_43' title='bbox 890 873 1025 930; x_wconf 80' lang='lat' dir='ltr'><strong>sortem.</strong></span> <span class='ocrx_word' id='word_1_44' title='bbox 1069 864 1149 930; x_wconf 91' lang='lat' dir='ltr'>Non</span> <span class='ocrx_word' id='word_1_45' title='bbox 1168 865 1318 948; x_wconf 85' lang='lat' dir='ltr'>publices</span> <span class='ocrx_word' id='word_1_46' title='bbox 1332 878 1445 933; x_wconf 85' lang='lat' dir='ltr'>autem</span> <span class='ocrx_word' id='word_1_47' title='bbox 1543 925 1547 936; x_wconf 94' lang='lat'>.</span> 
     </span>
    </p>
   </div>
   <div class='ocr_carea' id='block_1_4' title="bbox 295 965 1446 3962">
    <p class='ocr_par' dir='ltr' id='par_1_4' title="bbox 295 965 1446 3962">
     <span class='ocr_line' id='line_1_7' title="bbox 348 965 1446 1053; baseline 0.005 -20"><span class='ocrx_word' id='word_1_48' title='bbox 348 979 400 1033; x_wconf 88' lang='lat' dir='ltr'>set</span> <span class='ocrx_word' id='word_1_49' title='bbox 430 977 544 1034; x_wconf 88' lang='lat' dir='ltr'>tamen</span> <span class='ocrx_word' id='word_1_50' title='bbox 572 965 799 1050; x_wconf 82' lang='lat' dir='ltr'>dampnabiles</span> <span class='ocrx_word' id='word_1_51' title='bbox 831 987 908 1033; x_wconf 91' lang='lat' dir='ltr'>cum</span> <span class='ocrx_word' id='word_1_52' title='bbox 937 969 1012 1051; x_wconf 88' lang='lat' dir='ltr'>quis</span> <span class='ocrx_word' id='word_1_53' title='bbox 1045 966 1184 1033; x_wconf 85' lang='lat' dir='ltr'>fundum</span> <span class='ocrx_word' id='word_1_54' title='bbox 1212 969 1367 1053; x_wconf 83' lang='lat' dir='ltr'>aliquem.</span> <span class='ocrx_word' id='word_1_55' title='bbox 1391 971 1446 1038; x_wconf 85' lang='lat' dir='ltr'>vel</span> 
     </span>
     <span class='ocr_line' id='line_1_8' title="bbox 348 1072 1443 1158; baseline 0.002 -19"><span class='ocrx_word' id='word_1_56' title='bbox 348 1074 520 1139; x_wconf 89' lang='lat' dir='ltr'>ecclesiam</span> <span class='ocrx_word' id='word_1_57' title='bbox 540 1091 602 1158; x_wconf 93' lang='lat' dir='ltr'>pro</span> <span class='ocrx_word' id='word_1_58' title='bbox 623 1072 836 1138; x_wconf 86' lang='lat' dir='ltr'>commodato</span> <span class='ocrx_word' id='word_1_59' title='bbox 856 1073 991 1157; x_wconf 86' lang='lat' dir='ltr'>suscipit</span> <span class='ocrx_word' id='word_1_60' title='bbox 1008 1081 1053 1149; x_wconf 83' lang='lat' dir='ltr'>et,</span> <span class='ocrx_word' id='word_1_61' title='bbox 1067 1083 1225 1138; x_wconf 85' lang='lat' dir='ltr'>manente</span> <span class='ocrx_word' id='word_1_62' title='bbox 1243 1075 1342 1140; x_wconf 82' lang='lat' dir='ltr'>sortis</span> <span class='ocrx_word' id='word_1_63' title='bbox 1360 1075 1443 1141; x_wconf 88' lang='lat' dir='ltr'>inte-</span> 
     </span>
     <span class='ocr_line' id='line_1_9' title="bbox 347 1173 1444 1262; baseline 0.002 -20"><span class='ocrx_word' id='word_1_64' title='bbox 347 1177 479 1262; x_wconf 88' lang='lat' dir='ltr'>gritate,</span> <span class='ocrx_word' id='word_1_65' title='bbox 506 1173 632 1242; x_wconf 83' lang='lat' dir='ltr'>fructus</span> <span class='ocrx_word' id='word_1_66' title='bbox 658 1175 739 1252; x_wconf 87' lang='lat' dir='ltr'>eius,</span> <span class='ocrx_word' id='word_1_67' title='bbox 768 1177 875 1242; x_wconf 85' lang='lat' dir='ltr'>donec</span> <span class='ocrx_word' id='word_1_68' title='bbox 904 1195 976 1240; x_wconf 89' lang='lat' dir='ltr'>sors</span> <span class='ocrx_word' id='word_1_69' title='bbox 1006 1176 1078 1260; x_wconf 89' lang='lat' dir='ltr'>ipsa</span> <span class='ocrx_word' id='word_1_70' title='bbox 1106 1175 1216 1242; x_wconf 87' lang='lat' dir='ltr'>soluta</span> <span class='ocrx_word' id='word_1_71' title='bbox 1244 1176 1351 1256; x_wconf 87' lang='lat' dir='ltr'>luerit,</span> <span class='ocrx_word' id='word_1_72' title='bbox 1380 1179 1444 1244; x_wconf 86' lang='lat' dir='ltr'>sibi</span> 
     </span>
     <span class='ocr_line' id='line_1_10' title="bbox 347 1278 1443 1366; baseline 0.002 -21"><span class='ocrx_word' id='word_1_73' title='bbox 347 1279 496 1365; x_wconf 85' lang='lat' dir='ltr'>percipit.</span> <span class='ocrx_word' id='word_1_74' title='bbox 540 1279 617 1344; x_wconf 93' lang='lat' dir='ltr'>Hoc</span> <span class='ocrx_word' id='word_1_75' title='bbox 642 1298 759 1363; x_wconf 88' lang='lat' dir='ltr'>genus,</span> <span class='ocrx_word' id='word_1_76' title='bbox 783 1289 921 1364; x_wconf 85' lang='lat' dir='ltr'>propter</span> <span class='ocrx_word' id='word_1_77' title='bbox 944 1278 1093 1344; x_wconf 85' lang='lat' dir='ltr'>laborem</span> <span class='ocrx_word' id='word_1_78' title='bbox 1123 1287 1158 1344; x_wconf 92' lang='lat' dir='ltr'>et</span> <span class='ocrx_word' id='word_1_79' title='bbox 1182 1290 1354 1366; x_wconf 87' lang='lat' dir='ltr'>sumptum</span> <span class='ocrx_word' id='word_1_80' title='bbox 1383 1284 1443 1366; x_wconf 89' lang='lat' dir='ltr'>qul</span> 
     </span>
     <span class='ocr_line' id='line_1_11' title="bbox 303 1381 1444 1470; baseline 0.005 -25"><span class='ocrx_word' id='word_1_81' title='bbox 303 1407 335 1446; x_wconf 86' lang='grc' dir='ltr'>ιο</span> <span class='ocrx_word' id='word_1_82' title='bbox 348 1387 381 1450; x_wconf 87' lang='lat' dir='ltr'>in</span> <span class='ocrx_word' id='word_1_83' title='bbox 399 1383 606 1467; x_wconf 83' lang='lat' dir='ltr'>agriculturis</span> <span class='ocrx_word' id='word_1_84' title='bbox 621 1381 728 1450; x_wconf 87' lang='lat' dir='ltr'>solent</span> <span class='ocrx_word' id='word_1_85' title='bbox 746 1383 901 1468; x_wconf 88' lang='lat' dir='ltr'>impendi,</span> <span class='ocrx_word' id='word_1_86' title='bbox 917 1383 1066 1448; x_wconf 86' lang='lat' dir='ltr'>licentius</span> <span class='ocrx_word' id='word_1_87' title='bbox 1080 1383 1188 1448; x_wconf 89' lang='lat' dir='ltr'>visum</span> <span class='ocrx_word' id='word_1_88' title='bbox 1206 1393 1278 1462; x_wconf 89' lang='lat' dir='ltr'>est;</span> <span class='ocrx_word' id='word_1_89' title='bbox 1300 1395 1352 1451; x_wconf 89' lang='lat' dir='ltr'>set</span> <span class='ocrx_word' id='word_1_90' title='bbox 1365 1403 1444 1470; x_wconf 90' lang='lat' dir='ltr'>pro·</span> 
     </span>
     <span class='ocr_line' id='line_1_12' title="bbox 345 1486 1442 1573; baseline 0.004 -21"><span class='ocrx_word' id='word_1_91' title='bbox 345 1486 501 1552; x_wconf 87' lang='lat' dir='ltr'>culdubio</span> <span class='ocrx_word' id='word_1_92' title='bbox 512 1489 683 1553; x_wconf 88' lang='lat' dir='ltr'>sordidum</span> <span class='ocrx_word' id='word_1_93' title='bbox 695 1497 745 1554; x_wconf 89' lang='lat' dir='ltr'>est</span> <span class='ocrx_word' id='word_1_94' title='bbox 759 1497 795 1554; x_wconf 91' lang='lat' dir='ltr'>et</span> <span class='ocrx_word' id='word_1_95' title='bbox 809 1488 894 1553; x_wconf 90' lang='lat' dir='ltr'>inter</span> <span class='ocrx_word' id='word_1_96' title='bbox 907 1507 1021 1553; x_wconf 84' lang='lat' dir='ltr'>usuras</span> <span class='ocrx_word' id='word_1_97' title='bbox 1036 1487 1155 1553; x_wconf 89' lang='lat' dir='ltr'>merito</span> <span class='ocrx_word' id='word_1_98' title='bbox 1170 1491 1442 1573; x_wconf 85' lang='lat' dir='ltr'>computandum.</span> 
     </span>
     <span class='ocr_line' id='line_1_13' title="bbox 347 1589 1442 1677; baseline 0.002 -19"><span class='ocrx_word' id='word_1_99' title='bbox 347 1589 450 1676; x_wconf 85' lang='lat' dir='ltr'>Quod</span> <span class='ocrx_word' id='word_1_100' title='bbox 477 1593 504 1657; x_wconf 88' lang='lat' dir='ltr'>si</span> <span class='ocrx_word' id='word_1_101' title='bbox 528 1593 672 1657; x_wconf 88' lang='lat' dir='ltr'>creditor</span> <span class='ocrx_word' id='word_1_102' title='bbox 692 1609 812 1657; x_wconf 85' lang='lat' dir='ltr'>auarus</span> <span class='ocrx_word' id='word_1_103' title='bbox 834 1601 869 1656; x_wconf 86' lang='lat' dir='ltr'>et</span> <span class='ocrx_word' id='word_1_104' title='bbox 890 1592 924 1655; x_wconf 92' lang='lat' dir='ltr'>in</span> <span class='ocrx_word' id='word_1_105' title='bbox 948 1591 1075 1656; x_wconf 83' lang='lat' dir='ltr'>ruinam</span> <span class='ocrx_word' id='word_1_106' title='bbox 1101 1591 1211 1656; x_wconf 82' lang='lat' dir='ltr'>anime</span> <span class='ocrx_word' id='word_1_107' title='bbox 1234 1611 1293 1657; x_wconf 89' lang='lat' dir='ltr'>sue</span> <span class='ocrx_word' id='word_1_108' title='bbox 1318 1613 1442 1677; x_wconf 90' lang='lat' dir='ltr'>pronus</span> 
     </span>
     <span class='ocr_line' id='line_1_14' title="bbox 345 1695 1442 1780; baseline 0.004 -20"><span class='ocrx_word' id='word_1_109' title='bbox 345 1696 524 1780; x_wconf 88' lang='lat' dir='ltr'>inscripto</span> <span class='ocrx_word' id='word_1_110' title='bbox 546 1697 593 1762; x_wconf 90' lang='lat' dir='ltr'>sic</span> <span class='ocrx_word' id='word_1_111' title='bbox 614 1696 757 1780; x_wconf 84' lang='lat' dir='ltr'>exprimi</span> <span class='ocrx_word' id='word_1_112' title='bbox 775 1695 913 1780; x_wconf 87' lang='lat' dir='ltr'>dignum</span> <span class='ocrx_word' id='word_1_113' title='bbox 935 1695 1070 1760; x_wconf 87' lang='lat' dir='ltr'>duxerit</span> <span class='ocrx_word' id='word_1_114' title='bbox 1087 1703 1124 1760; x_wconf 86' lang='lat' dir='ltr'>vt</span> <span class='ocrx_word' id='word_1_115' title='bbox 1142 1697 1271 1762; x_wconf 85' lang='lat' dir='ltr'>dicatur</span> <span class='ocrx_word' id='word_1_116' title='bbox 1292 1697 1442 1764; x_wconf 90' lang='lat' dir='ltr'>‘Notum</span> 
     </span>
     <span class='ocr_line' id='line_1_15' title="bbox 344 1797 1442 1885; baseline 0.003 -21"><span class='ocrx_word' id='word_1_117' title='bbox 344 1800 389 1865; x_wconf 90' lang='lat' dir='ltr'>sit</span> <span class='ocrx_word' id='word_1_118' title='bbox 411 1801 566 1866; x_wconf 91' lang='lat' dir='ltr'>omnibus</span> <span class='ocrx_word' id='word_1_119' title='bbox 588 1801 679 1885; x_wconf 90' lang='lat' dir='ltr'>quod</span> <span class='ocrx_word' id='word_1_120' title='bbox 703 1821 766 1884; x_wconf 80' lang='lat' dir='ltr'>ego</span> <span class='ocrx_word' id='word_1_121' title='bbox 787 1799 832 1865; x_wconf 91' lang='lat' dir='ltr'>N.</span> <span class='ocrx_word' id='word_1_122' title='bbox 860 1801 968 1865; x_wconf 84' lang='lat' dir='ltr'>debeo</span> <span class='ocrx_word' id='word_1_123' title='bbox 990 1797 1033 1864; x_wconf 92' lang='lat' dir='ltr'>N.</span> <span class='ocrx_word' id='word_1_124' title='bbox 1055 1818 1084 1862; x_wconf 91' lang='lat' dir='ltr'>c.</span> <span class='ocrx_word' id='word_1_125' title='bbox 1107 1817 1235 1865; x_wconf 85' lang='lat' dir='ltr'>marcas</span> <span class='ocrx_word' id='word_1_126' title='bbox 1256 1802 1385 1884; x_wconf 83' lang='lat' dir='ltr'>argenti</span> <span class='ocrx_word' id='word_1_127' title='bbox 1408 1811 1442 1868; x_wconf 88' lang='lat' dir='ltr'>et</span> 
     </span>
     <span class='ocr_line' id='line_1_16' title="bbox 297 1901 1441 1988; baseline -0.001 -16"><span class='ocrx_word' id='word_1_128' title='bbox 297 1923 330 1987; x_wconf 75' lang='lat'>&#39;¹⁵</span> <span class='ocrx_word' id='word_1_129' title='bbox 345 1923 406 1988; x_wconf 92' lang='lat' dir='ltr'>pro</span> <span class='ocrx_word' id='word_1_130' title='bbox 428 1905 491 1970; x_wconf 84' lang='lat' dir='ltr'>hiis</span> <span class='ocrx_word' id='word_1_131' title='bbox 512 1924 539 1970; x_wconf 82' lang='lat' dir='ltr'>c</span> <span class='ocrx_word' id='word_1_132' title='bbox 562 1905 682 1970; x_wconf 87' lang='lat' dir='ltr'>marcis</span> <span class='ocrx_word' id='word_1_133' title='bbox 705 1904 871 1970; x_wconf 89' lang='lat' dir='ltr'>inuadiaui</span> <span class='ocrx_word' id='word_1_134' title='bbox 893 1903 925 1968; x_wconf 89' lang='lat' dir='ltr'>ei</span> <span class='ocrx_word' id='word_1_135' title='bbox 950 1913 1073 1970; x_wconf 85' lang='lat' dir='ltr'>terram</span> <span class='ocrx_word' id='word_1_136' title='bbox 1096 1901 1188 1968; x_wconf 87' lang='lat' dir='ltr'>illam</span> <span class='ocrx_word' id='word_1_137' title='bbox 1209 1923 1270 1988; x_wconf 92' lang='lat' dir='ltr'>pro</span> <span class='ocrx_word' id='word_1_138' title='bbox 1292 1923 1327 1969; x_wconf 85' lang='lat' dir='ltr'>x.</span> <span class='ocrx_word' id='word_1_139' title='bbox 1350 1904 1441 1972; x_wconf 85' lang='lat' dir='ltr'>libris</span> 
     </span>
     <span class='ocr_line' id='line_1_17' title="bbox 343 2005 1441 2092; baseline 0.002 -20"><span class='ocrx_word' id='word_1_140' title='bbox 343 2027 516 2090; x_wconf 86' lang='lat' dir='ltr'>quousque</span> <span class='ocrx_word' id='word_1_141' title='bbox 533 2027 606 2092; x_wconf 87' lang='lat' dir='ltr'>ego,</span> <span class='ocrx_word' id='word_1_142' title='bbox 620 2007 674 2072; x_wconf 87' lang='lat' dir='ltr'>vel</span> <span class='ocrx_word' id='word_1_143' title='bbox 694 2007 788 2072; x_wconf 89' lang='lat' dir='ltr'>heres</span> <span class='ocrx_word' id='word_1_144' title='bbox 808 2027 911 2083; x_wconf 89' lang='lat' dir='ltr'>meus,</span> <span class='ocrx_word' id='word_1_145' title='bbox 928 2006 1054 2072; x_wconf 90' lang='lat' dir='ltr'>soluam</span> <span class='ocrx_word' id='word_1_146' title='bbox 1075 2005 1147 2090; x_wconf 90' lang='lat' dir='ltr'>ipsi,</span> <span class='ocrx_word' id='word_1_147' title='bbox 1160 2005 1215 2072; x_wconf 86' lang='lat' dir='ltr'>vel</span> <span class='ocrx_word' id='word_1_148' title='bbox 1234 2007 1348 2072; x_wconf 88' lang='lat' dir='ltr'>heredi</span> <span class='ocrx_word' id='word_1_149' title='bbox 1368 2027 1441 2088; x_wconf 87' lang='lat' dir='ltr'>suo,</span> 
     </span>
     <span class='ocr_line' id='line_1_18' title="bbox 313 2105 1440 2196; baseline 0.002 -21"><span class='ocrx_word' id='word_1_150' title='bbox 313 2111 509 2196; x_wconf 86' lang='lat' dir='ltr'>Jpredictas</span> <span class='ocrx_word' id='word_1_151' title='bbox 526 2131 554 2176; x_wconf 92' lang='lat' dir='ltr'>c.</span> <span class='ocrx_word' id='word_1_152' title='bbox 571 2129 698 2176; x_wconf 79' lang='lat' dir='ltr'>marcus</span> <span class='ocrx_word' id='word_1_153' title='bbox 708 2107 737 2190; x_wconf 74' lang='grc' dir='ltr'>’ς</span> <span class='ocrx_word' id='word_1_154' title='bbox 756 2131 832 2177; x_wconf 90' lang='lat' dir='ltr'>cum</span> <span class='ocrx_word' id='word_1_155' title='bbox 848 2105 1082 2196; x_wconf 74' lang='lat' dir='ltr'>postmortem</span> <span class='ocrx_word' id='word_1_156' title='bbox 1098 2111 1273 2176; x_wconf 89' lang='lat' dir='ltr'>creditoris</span> <span class='ocrx_word' id='word_1_157' title='bbox 1292 2112 1337 2177; x_wconf 90' lang='lat' dir='ltr'>ad</span> <span class='ocrx_word' id='word_1_158' title='bbox 1354 2113 1440 2196; x_wconf 78' lang='lat' dir='ltr'>regia</span> 
     </span>
     <span class='ocr_line' id='line_1_19' title="bbox 341 2213 1441 2299; baseline 0.003 -20"><span class='ocrx_word' id='word_1_159' title='bbox 341 2213 395 2279; x_wconf 89' lang='lat' dir='ltr'>vel</span> <span class='ocrx_word' id='word_1_160' title='bbox 410 2215 599 2299; x_wconf 85' lang='lat' dir='ltr'>principalis</span> <span class='ocrx_word' id='word_1_161' title='bbox 617 2214 780 2281; x_wconf 88' lang='lat' dir='ltr'>iustitiarii</span> <span class='ocrx_word' id='word_1_162' title='bbox 799 2215 952 2280; x_wconf 85' lang='lat' dir='ltr'>notitiam</span> <span class='ocrx_word' id='word_1_163' title='bbox 971 2213 1069 2280; x_wconf 90' lang='lat' dir='ltr'>huius</span> <span class='ocrx_word' id='word_1_164' title='bbox 1089 2213 1217 2280; x_wconf 82' lang='lat' dir='ltr'>famose</span> <span class='ocrx_word' id='word_1_165' title='bbox 1235 2225 1326 2282; x_wconf 87' lang='lat' dir='ltr'>carte</span> <span class='ocrx_word' id='word_1_166' title='bbox 1342 2227 1441 2282; x_wconf 89' lang='lat' dir='ltr'>tenor</span> 
     </span>
     <span class='ocr_line' id='line_1_20' title="bbox 341 2317 1440 2403; baseline 0.003 -21"><span class='ocrx_word' id='word_1_167' title='bbox 341 2319 534 2402; x_wconf 89' lang='lat' dir='ltr'>peruenerit,</span> <span class='ocrx_word' id='word_1_168' title='bbox 550 2318 583 2382; x_wconf 91' lang='lat' dir='ltr'>in</span> <span class='ocrx_word' id='word_1_169' title='bbox 600 2319 715 2402; x_wconf 89' lang='lat' dir='ltr'>primis</span> <span class='ocrx_word' id='word_1_170' title='bbox 731 2317 825 2383; x_wconf 84' lang='lat' dir='ltr'>sedus</span> <span class='ocrx_word' id='word_1_171' title='bbox 839 2318 960 2383; x_wconf 90' lang='lat' dir='ltr'>senoris</span> <span class='ocrx_word' id='word_1_172' title='bbox 978 2326 1115 2401; x_wconf 85' lang='lat' dir='ltr'>questus</span> <span class='ocrx_word' id='word_1_173' title='bbox 1133 2319 1440 2403; x_wconf 87' lang='lat' dir='ltr'>condempnabitur,</span> 
     </span>
     <span class='ocr_line' id='line_1_21' title="bbox 297 2419 1439 2505; baseline 0.006 -24"><span class='ocrx_word' id='word_1_174' title='bbox 297 2443 329 2480; x_wconf 79' lang='lat' dir='ltr'>ro</span> <span class='ocrx_word' id='word_1_175' title='bbox 341 2429 376 2486; x_wconf 87' lang='lat' dir='ltr'>et</span> <span class='ocrx_word' id='word_1_176' title='bbox 405 2422 553 2501; x_wconf 89' lang='lat' dir='ltr'>creditor,</span> <span class='ocrx_word' id='word_1_177' title='bbox 575 2422 700 2505; x_wconf 89' lang='lat' dir='ltr'>scripto</span> <span class='ocrx_word' id='word_1_178' title='bbox 729 2441 791 2488; x_wconf 90' lang='lat' dir='ltr'>suo</span> <span class='ocrx_word' id='word_1_179' title='bbox 820 2420 1044 2504; x_wconf 83' lang='lat' dir='ltr'>deprehensus</span> <span class='ocrx_word' id='word_1_180' title='bbox 1065 2419 1237 2498; x_wconf 75' lang='lat' dir='ltr'>fenerator,</span> <span class='ocrx_word' id='word_1_181' title='bbox 1259 2421 1439 2488; x_wconf 86' lang='lat' dir='ltr'>mobilibus</span> 
     </span>
     <span class='ocr_line' id='line_1_22' title="bbox 341 2523 1440 2610; baseline 0.004 -20"><span class='ocrx_word' id='word_1_182' title='bbox 341 2527 410 2590; x_wconf 88' lang='lat' dir='ltr'>suis</span> <span class='ocrx_word' id='word_1_183' title='bbox 432 2526 588 2610; x_wconf 88' lang='lat' dir='ltr'>indignus</span> <span class='ocrx_word' id='word_1_184' title='bbox 610 2525 817 2592; x_wconf 88' lang='lat' dir='ltr'>iudicabitur.</span> <span class='ocrx_word' id='word_1_185' title='bbox 861 2525 963 2610; x_wconf 87' lang='lat' dir='ltr'>Quod</span> <span class='ocrx_word' id='word_1_186' title='bbox 987 2527 1016 2590; x_wconf 84' lang='lat' dir='ltr'>si</span> <span class='ocrx_word' id='word_1_187' title='bbox 1037 2523 1066 2588; x_wconf 90' lang='lat' dir='ltr'>is</span> <span class='ocrx_word' id='word_1_188' title='bbox 1088 2525 1180 2590; x_wconf 89' lang='lat' dir='ltr'>cuius</span> <span class='ocrx_word' id='word_1_189' title='bbox 1202 2523 1324 2591; x_wconf 82' lang='lat' dir='ltr'>fundus</span> <span class='ocrx_word' id='word_1_190' title='bbox 1345 2537 1440 2594; x_wconf 84' lang='lat' dir='ltr'>esta</span> 
     </span>
     <span class='ocr_line' id='line_1_23' title="bbox 340 2627 1438 2714; baseline 0 -20"><span class='ocrx_word' id='word_1_191' title='bbox 340 2649 419 2714; x_wconf 88' lang='lat' dir='ltr'>rege</span> <span class='ocrx_word' id='word_1_192' title='bbox 443 2627 698 2713; x_wconf 87' lang='lat' dir='ltr'>quomodolibet</span> <span class='ocrx_word' id='word_1_193' title='bbox 720 2630 903 2713; x_wconf 89' lang='lat' dir='ltr'>optinuerit</span> <span class='ocrx_word' id='word_1_194' title='bbox 924 2637 962 2693; x_wconf 89' lang='lat' dir='ltr'>vt</span> <span class='ocrx_word' id='word_1_195' title='bbox 983 2629 1032 2694; x_wconf 91' lang='lat' dir='ltr'>sic</span> <span class='ocrx_word' id='word_1_196' title='bbox 1057 2628 1235 2693; x_wconf 88' lang='lat' dir='ltr'>distractus</span> <span class='ocrx_word' id='word_1_197' title='bbox 1256 2627 1320 2694; x_wconf 89' lang='lat' dir='ltr'>sibi</span> <span class='ocrx_word' id='word_1_198' title='bbox 1345 2631 1438 2696; x_wconf 90' lang='lat' dir='ltr'>resti·</span> 
     </span>
     <span class='ocr_line' id='line_1_24' title="bbox 340 2731 1440 2825; baseline 0.001 -27"><span class='ocrx_word' id='word_1_199' title='bbox 340 2741 462 2810; x_wconf 88' lang='lat' dir='ltr'>tuatur,</span> <span class='ocrx_word' id='word_1_200' title='bbox 476 2735 509 2798; x_wconf 85' lang='lat' dir='ltr'>in</span> <span class='ocrx_word' id='word_1_201' title='bbox 530 2743 619 2799; x_wconf 90' lang='lat' dir='ltr'>sorte</span> <span class='ocrx_word' id='word_1_202' title='bbox 633 2742 705 2799; x_wconf 89' lang='lat' dir='ltr'>tota</span> <span class='ocrx_word' id='word_1_203' title='bbox 720 2733 857 2798; x_wconf 90' lang='lat' dir='ltr'>domino</span> <span class='ocrx_word' id='word_1_204' title='bbox 872 2733 942 2816; x_wconf 91' lang='lat' dir='ltr'>regi</span> <span class='ocrx_word' id='word_1_205' title='bbox 956 2731 1123 2797; x_wconf 86' lang='lat' dir='ltr'>tenebitur</span> <span class='ocrx_word' id='word_1_206' title='bbox 1137 2733 1281 2825; x_wconf 86' lang='lat' dir='ltr'>etiamsi</span> <span class='ocrx_word' id='word_1_207' title='bbox 1295 2734 1440 2801; x_wconf 87' lang='lat' dir='ltr'>creditor</span> 
     </span>
     <span class='ocr_line' id='line_1_25' title="bbox 341 2835 1440 2922; baseline 0.002 -20"><span class='ocrx_word' id='word_1_208' title='bbox 341 2857 402 2920; x_wconf 90' lang='lat' dir='ltr'>per</span> <span class='ocrx_word' id='word_1_209' title='bbox 420 2837 590 2903; x_wconf 89' lang='lat' dir='ltr'>biennium</span> <span class='ocrx_word' id='word_1_210' title='bbox 610 2837 664 2902; x_wconf 88' lang='lat' dir='ltr'>vel</span> <span class='ocrx_word' id='word_1_211' title='bbox 683 2837 827 2922; x_wconf 80' lang='lat' dir='ltr'>amplius</span> <span class='ocrx_word' id='word_1_212' title='bbox 847 2835 1039 2920; x_wconf 85' lang='lat' dir='ltr'>possederit.</span> <span class='ocrx_word' id='word_1_213' title='bbox 1086 2836 1189 2920; x_wconf 86' lang='lat' dir='ltr'>Regis</span> <span class='ocrx_word' id='word_1_214' title='bbox 1203 2845 1317 2902; x_wconf 88' lang='lat' dir='ltr'>tamen</span> <span class='ocrx_word' id='word_1_215' title='bbox 1333 2840 1440 2904; x_wconf 90' lang='lat' dir='ltr'>muni·</span> 
     </span>
     <span class='ocr_line' id='line_1_26' title="bbox 296 2937 1439 3017; baseline 0 -11"><span class='ocrx_word' id='word_1_216' title='bbox 296 2961 327 3013; x_wconf 78' lang='lat'>²5</span> <span class='ocrx_word' id='word_1_217' title='bbox 341 2939 474 3007; x_wconf 85' lang='lat' dir='ltr'>licentia</span> <span class='ocrx_word' id='word_1_218' title='bbox 493 2942 539 3006; x_wconf 89' lang='lat' dir='ltr'>de</span> <span class='ocrx_word' id='word_1_219' title='bbox 561 2961 692 3006; x_wconf 88' lang='lat' dir='ltr'>summa</span> <span class='ocrx_word' id='word_1_220' title='bbox 716 2941 814 3006; x_wconf 90' lang='lat' dir='ltr'>sortis</span> <span class='ocrx_word' id='word_1_221' title='bbox 839 2937 927 3005; x_wconf 88' lang='lat' dir='ltr'>illius</span> <span class='ocrx_word' id='word_1_222' title='bbox 945 2947 1067 3004; x_wconf 84' lang='lat' dir='ltr'>taxare</span> <span class='ocrx_word' id='word_1_223' title='bbox 1087 2940 1266 3017; x_wconf 88' lang='lat' dir='ltr'>consueuit,</span> <span class='ocrx_word' id='word_1_224' title='bbox 1290 2941 1439 3006; x_wconf 88' lang='lat' dir='ltr'>maxime</span> 
     </span>
     <span class='ocr_line' id='line_1_27' title="bbox 340 3042 1438 3130; baseline 0.001 -21"><span class='ocrx_word' id='word_1_225' title='bbox 340 3055 478 3129; x_wconf 89' lang='lat' dir='ltr'>propter</span> <span class='ocrx_word' id='word_1_226' title='bbox 494 3045 668 3130; x_wconf 88' lang='lat' dir='ltr'>singularis</span> <span class='ocrx_word' id='word_1_227' title='bbox 682 3045 788 3129; x_wconf 87' lang='lat' dir='ltr'>gratie</span> <span class='ocrx_word' id='word_1_228' title='bbox 803 3063 930 3121; x_wconf 90' lang='lat' dir='ltr'>munus,</span> <span class='ocrx_word' id='word_1_229' title='bbox 941 3043 976 3107; x_wconf 90' lang='lat' dir='ltr'>in</span> <span class='ocrx_word' id='word_1_230' title='bbox 990 3061 1059 3126; x_wconf 91' lang='lat' dir='ltr'>quo</span> <span class='ocrx_word' id='word_1_231' title='bbox 1073 3042 1227 3110; x_wconf 83' lang='lat' dir='ltr'>fidelibus</span> <span class='ocrx_word' id='word_1_232' title='bbox 1241 3045 1308 3110; x_wconf 90' lang='lat' dir='ltr'>suis</span> <span class='ocrx_word' id='word_1_233' title='bbox 1322 3046 1438 3112; x_wconf 91' lang='lat' dir='ltr'>debito</span> 
     </span>
     <span class='ocr_line' id='line_1_28' title="bbox 340 3147 1438 3232; baseline 0.002 -20"><span class='ocrx_word' id='word_1_234' title='bbox 340 3149 530 3232; x_wconf 88' lang='lat' dir='ltr'>prelationis</span> <span class='ocrx_word' id='word_1_235' title='bbox 545 3158 696 3226; x_wconf 84' lang='lat' dir='ltr'>tenetur3</span> <span class='ocrx_word' id='word_1_236' title='bbox 718 3159 752 3214; x_wconf 91' lang='lat' dir='ltr'>et</span> <span class='ocrx_word' id='word_1_237' title='bbox 772 3149 852 3214; x_wconf 89' lang='lat' dir='ltr'>item</span> <span class='ocrx_word' id='word_1_238' title='bbox 872 3147 952 3230; x_wconf 91' lang='lat' dir='ltr'>quia</span> <span class='ocrx_word' id='word_1_239' title='bbox 971 3148 1151 3224; x_wconf 87' lang='lat' dir='ltr'>creditoris,</span> <span class='ocrx_word' id='word_1_240' title='bbox 1167 3158 1218 3215; x_wconf 86' lang='lat' dir='ltr'>set</span> <span class='ocrx_word' id='word_1_241' title='bbox 1233 3149 1438 3226; x_wconf 78' lang='lat' dir='ltr'>feneratoris,</span> 
     </span>
     <span class='ocr_line' id='line_1_29' title="bbox 340 3251 1438 3336; baseline 0.002 -20"><span class='ocrx_word' id='word_1_242' title='bbox 340 3253 397 3336; x_wconf 91' lang='lat' dir='ltr'>qui</span> <span class='ocrx_word' id='word_1_243' title='bbox 412 3253 463 3318; x_wconf 91' lang='lat' dir='ltr'>sui</span> <span class='ocrx_word' id='word_1_244' title='bbox 482 3251 590 3318; x_wconf 90' lang='lat' dir='ltr'>fidelis</span> <span class='ocrx_word' id='word_1_245' title='bbox 604 3252 729 3317; x_wconf 89' lang='lat' dir='ltr'>enormi</span> <span class='ocrx_word' id='word_1_246' title='bbox 750 3253 875 3316; x_wconf 88' lang='lat' dir='ltr'>iactura</span> <span class='ocrx_word' id='word_1_247' title='bbox 890 3251 1015 3316; x_wconf 82' lang='lat' dir='ltr'>ditatus</span> <span class='ocrx_word' id='word_1_248' title='bbox 1032 3251 1147 3328; x_wconf 86' lang='lat' dir='ltr'>luerat,</span> <span class='ocrx_word' id='word_1_249' title='bbox 1162 3253 1288 3318; x_wconf 90' lang='lat' dir='ltr'>ratione</span> <span class='ocrx_word' id='word_1_250' title='bbox 1307 3254 1438 3336; x_wconf 88' lang='lat' dir='ltr'>publice</span> 
     </span>
     <span class='ocr_line' id='line_1_30' title="bbox 339 3353 1439 3442; baseline 0.001 -21"><span class='ocrx_word' id='word_1_251' title='bbox 339 3357 517 3442; x_wconf 87' lang='lat' dir='ltr'>potestatis</span> <span class='ocrx_word' id='word_1_252' title='bbox 538 3357 628 3422; x_wconf 82' lang='lat' dir='ltr'>bona</span> <span class='ocrx_word' id='word_1_253' title='bbox 650 3355 762 3421; x_wconf 89' lang='lat' dir='ltr'>omnia</span> <span class='ocrx_word' id='word_1_254' title='bbox 784 3365 1000 3438; x_wconf 87' lang='lat' dir='ltr'>percepturus</span> <span class='ocrx_word' id='word_1_255' title='bbox 1021 3363 1081 3420; x_wconf 79' lang='lat' dir='ltr'>est</span> <span class='ocrx_word' id='word_1_256' title='bbox 1125 3353 1212 3421; x_wconf 90' lang='lat' dir='ltr'>Sunt</span> <span class='ocrx_word' id='word_1_257' title='bbox 1231 3364 1266 3422; x_wconf 89' lang='lat' dir='ltr'>et</span> <span class='ocrx_word' id='word_1_258' title='bbox 1280 3355 1439 3441; x_wconf 82' lang='lat' dir='ltr'>pleraque</span> 
     </span>
     <span class='ocr_line' id='line_1_31' title="bbox 295 3457 1438 3545; baseline -0.003 -16"><span class='ocrx_word' id='word_1_259' title='bbox 295 3460 413 3545; x_wconf 65' lang='lat' dir='ltr'>goelis,</span> <span class='ocrx_word' id='word_1_260' title='bbox 436 3477 505 3542; x_wconf 84' lang='lat' dir='ltr'>que</span> <span class='ocrx_word' id='word_1_261' title='bbox 526 3457 732 3544; x_wconf 80' lang='lat' dir='ltr'>singulariter</span> <span class='ocrx_word' id='word_1_262' title='bbox 753 3457 797 3522; x_wconf 90' lang='lat' dir='ltr'>ad</span> <span class='ocrx_word' id='word_1_263' title='bbox 823 3457 941 3523; x_wconf 87' lang='lat' dir='ltr'>fiscum</span> <span class='ocrx_word' id='word_1_264' title='bbox 965 3457 1142 3543; x_wconf 87' lang='lat' dir='ltr'>pertinent,</span> <span class='ocrx_word' id='word_1_265' title='bbox 1164 3479 1232 3544; x_wconf 92' lang='lat' dir='ltr'>que</span> <span class='ocrx_word' id='word_1_266' title='bbox 1253 3479 1320 3526; x_wconf 90' lang='lat' dir='ltr'>non</span> <span class='ocrx_word' id='word_1_267' title='bbox 1342 3459 1438 3527; x_wconf 82' lang='lat' dir='ltr'>facile</span> 
     </span>
     <span class='ocr_line' id='line_1_32' title="bbox 339 3561 1438 3647; baseline 0.003 -19"><span class='ocrx_word' id='word_1_268' title='bbox 339 3563 403 3628; x_wconf 85' lang='lat' dir='ltr'>sub</span> <span class='ocrx_word' id='word_1_269' title='bbox 417 3581 483 3628; x_wconf 88' lang='lat' dir='ltr'>vna</span> <span class='ocrx_word' id='word_1_270' title='bbox 502 3562 662 3647; x_wconf 85' lang='lat' dir='ltr'>scripture</span> <span class='ocrx_word' id='word_1_271' title='bbox 681 3562 765 3627; x_wconf 89' lang='lat' dir='ltr'>serie</span> <span class='ocrx_word' id='word_1_272' title='bbox 785 3561 889 3646; x_wconf 84' lang='lat' dir='ltr'>redigi</span> <span class='ocrx_word' id='word_1_273' title='bbox 908 3572 1057 3645; x_wconf 84' lang='lat' dir='ltr'>possunt,</span> <span class='ocrx_word' id='word_1_274' title='bbox 1072 3562 1152 3646; x_wconf 86' lang='lat' dir='ltr'>quia</span> <span class='ocrx_word' id='word_1_275' title='bbox 1171 3581 1238 3628; x_wconf 85' lang='lat' dir='ltr'>non</span> <span class='ocrx_word' id='word_1_276' title='bbox 1256 3566 1438 3631; x_wconf 88' lang='lat' dir='ltr'>constituta</span> 
     </span>
     <span class='ocr_line' id='line_1_33' title="bbox 340 3665 1437 3736; baseline 0.001 -5"><span class='ocrx_word' id='word_1_277' title='bbox 340 3675 392 3732; x_wconf 88' lang='lat' dir='ltr'>set</span> <span class='ocrx_word' id='word_1_278' title='bbox 405 3665 550 3731; x_wconf 86' lang='lat' dir='ltr'>casualia</span> <span class='ocrx_word' id='word_1_279' title='bbox 564 3675 652 3732; x_wconf 83' lang='lat' dir='ltr'>sunt.</span> <span class='ocrx_word' id='word_1_280' title='bbox 688 3665 743 3730; x_wconf 89' lang='lat' dir='ltr'>De</span> <span class='ocrx_word' id='word_1_281' title='bbox 763 3665 826 3730; x_wconf 90' lang='lat' dir='ltr'>hiis</span> <span class='ocrx_word' id='word_1_282' title='bbox 847 3675 960 3731; x_wconf 88' lang='lat' dir='ltr'>tamen</span> <span class='ocrx_word' id='word_1_283' title='bbox 983 3667 1209 3732; x_wconf 83' lang='lat' dir='ltr'>excidentibus</span> <span class='ocrx_word' id='word_1_284' title='bbox 1228 3666 1327 3734; x_wconf 86' lang='lat' dir='ltr'>buius</span> <span class='ocrx_word' id='word_1_285' title='bbox 1348 3669 1437 3736; x_wconf 88' lang='lat' dir='ltr'>tertii</span> 
     </span>
     <span class='ocr_line' id='line_1_34' title="bbox 339 3769 1438 3857; baseline 0.001 -20"><span class='ocrx_word' id='word_1_286' title='bbox 339 3771 468 3855; x_wconf 87' lang='lat' dir='ltr'>generis</span> <span class='ocrx_word' id='word_1_287' title='bbox 483 3787 549 3835; x_wconf 91' lang='lat' dir='ltr'>non</span> <span class='ocrx_word' id='word_1_288' title='bbox 568 3789 669 3853; x_wconf 84' lang='lat' dir='ltr'>supra</span> <span class='ocrx_word' id='word_1_289' title='bbox 682 3779 760 3854; x_wconf 91' lang='lat' dir='ltr'>post</span> <span class='ocrx_word' id='word_1_290' title='bbox 778 3769 901 3845; x_wconf 86' lang='lat' dir='ltr'>firmas,</span> <span class='ocrx_word' id='word_1_291' title='bbox 916 3779 967 3835; x_wconf 90' lang='lat' dir='ltr'>set</span> <span class='ocrx_word' id='word_1_292' title='bbox 984 3769 1068 3836; x_wconf 83' lang='lat' dir='ltr'>inira</span> <span class='ocrx_word' id='word_1_293' title='bbox 1082 3780 1158 3856; x_wconf 90' lang='lat' dir='ltr'>post</span> <span class='ocrx_word' id='word_1_294' title='bbox 1177 3772 1290 3836; x_wconf 87' lang='lat' dir='ltr'>omnia</span> <span class='ocrx_word' id='word_1_295' title='bbox 1304 3771 1438 3857; x_wconf 84' lang='lat' dir='ltr'>placita,</span> 
     </span>
     <span class='ocr_line' id='line_1_35' title="bbox 339 3873 1438 3962; baseline 0.003 -23"><span class='ocrx_word' id='word_1_296' title='bbox 339 3873 488 3958; x_wconf 85' lang='lat' dir='ltr'>compoti</span> <span class='ocrx_word' id='word_1_297' title='bbox 514 3873 599 3939; x_wconf 84' lang='lat' dir='ltr'>fiunt</span> <span class='ocrx_word' id='word_1_298' title='bbox 627 3883 705 3940; x_wconf 87' lang='lat' dir='ltr'>ante</span> <span class='ocrx_word' id='word_1_299' title='bbox 732 3873 854 3940; x_wconf 87' lang='lat' dir='ltr'>catalla</span> <span class='ocrx_word' id='word_1_300' title='bbox 878 3873 1103 3958; x_wconf 80' lang='lat' dir='ltr'>fugitiuorum,</span> <span class='ocrx_word' id='word_1_301' title='bbox 1130 3883 1169 3941; x_wconf 87' lang='lat' dir='ltr'>vt</span> <span class='ocrx_word' id='word_1_302' title='bbox 1202 3875 1275 3960; x_wconf 86' lang='lat' dir='ltr'>ipsa</span> <span class='ocrx_word' id='word_1_303' title='bbox 1304 3895 1438 3962; x_wconf 89' lang='lat' dir='ltr'>quoque</span> 
     </span>
    </p>
   </div>
   <div class='ocr_carea' id='block_1_5' title="bbox 337 4074 1443 4362">
    <p class='ocr_par' dir='ltr' id='par_1_5' title="bbox 337 4074 1443 4362">
     <span class='ocr_line' id='line_1_36' title="bbox 376 4074 1439 4164; baseline 0.002 -29"><span class='ocrx_word' id='word_1_304' title='bbox 376 4075 625 4160; x_wconf 29' lang='lat' dir='ltr'>rigiturudicimus</span> <span class='ocrx_word' id='word_1_305' title='bbox 637 4077 774 4160; x_wconf 67' lang='lat' dir='ltr'>vsnfasC</span> <span class='ocrx_word' id='word_1_306' title='bbox 859 4074 973 4148; x_wconf 82' lang='lat' dir='ltr'>5Non]</span> <span class='ocrx_word' id='word_1_307' title='bbox 986 4077 1110 4134; x_wconf 81' lang='lat' dir='ltr'>rurncN</span> <span class='ocrx_word' id='word_1_308' title='bbox 1148 4148 1155 4164; x_wconf 39' lang='lat'><strong>.</strong></span> <span class='ocrx_word' id='word_1_309' title='bbox 1191 4076 1315 4150; x_wconf 72' lang='lat' dir='ltr'>eruent]</span> <span class='ocrx_word' id='word_1_310' title='bbox 1328 4079 1439 4163; x_wconf 77' lang='lat' dir='ltr'>fiuntR</span> 
     </span>
     <span class='ocr_line' id='line_1_37' title="bbox 341 4147 1443 4235; baseline 0.001 -28"><span class='ocrx_word' id='word_1_311' title='bbox 341 4163 376 4207; x_wconf 83' lang='lat' dir='ltr'>ro</span> <span class='ocrx_word' id='word_1_312' title='bbox 386 4149 540 4232; x_wconf 44' lang='lat' dir='ltr'>9³1³?stssss</span> <span class='ocrx_word' id='word_1_313' title='bbox 586 4161 617 4204; x_wconf 86' lang='lat'>11</span> <span class='ocrx_word' id='word_1_314' title='bbox 628 4147 824 4204; x_wconf 75' lang='lat' dir='ltr'>mentomli</span> <span class='ocrx_word' id='word_1_315' title='bbox 841 4149 1080 4231; x_wconf 37' lang='lat' dir='ltr'>‚computandum</span> <span class='ocrx_word' id='word_1_316' title='bbox 1087 4149 1231 4206; x_wconf 87' lang='lat' dir='ltr'>mentoN</span> <span class='ocrx_word' id='word_1_317' title='bbox 1275 4165 1307 4208; x_wconf 71' lang='grc' dir='ltr'>ια</span> <span class='ocrx_word' id='word_1_318' title='bbox 1319 4151 1443 4235; x_wconf 69' lang='lat' dir='ltr'>rumeN</span> 
     </span>
     <span class='ocr_line' id='line_1_38' title="bbox 337 4219 1436 4362; baseline 0.002 -86"><span class='ocrx_word' id='word_1_319' title='bbox 337 4219 560 4350; x_wconf 48' lang='grc' dir='ltr'>ξᾶοιιξιξὲξιέιῑιπ</span> <span class='ocrx_word' id='word_1_320' title='bbox 571 4235 624 4359; x_wconf 50' lang='lat' dir='ltr'>Za</span> <span class='ocrx_word' id='word_1_321' title='bbox 627 4219 813 4361; x_wconf 52' lang='lat' dir='ltr'>gimmlag</span> <span class='ocrx_word' id='word_1_322' title='bbox 813 4219 971 4362; x_wconf 62' lang='lat' dir='ltr'>:1¹ng</span> <span class='ocrx_word' id='word_1_323' title='bbox 963 4219 1145 4348; x_wconf 76' lang='lat' dir='ltr'>cpropterN</span> <span class='ocrx_word' id='word_1_324' title='bbox 1245 4221 1281 4278; x_wconf 77' lang='lat'>28</span> <span class='ocrx_word' id='word_1_325' title='bbox 1299 4222 1374 4280; x_wconf 83' lang='lat' dir='ltr'>fidelr</span> <span class='ocrx_word' id='word_1_326' title='bbox 1385 4222 1422 4278; x_wconf 82' lang='lat' dir='ltr'><em>N</em></span> <span class='ocrx_word' id='word_1_327' title='bbox 1427 4237 1436 4278; x_wconf 74' lang='lat' dir='ltr'>a</span> 
     </span>
    </p>
   </div>
   <div class='ocr_carea' id='block_1_6' title="bbox 0 0 1618 4868">
    <p class='ocr_par' dir='ltr' id='par_1_6' title="bbox 0 0 1618 4868">
     <span class='ocr_line' id='line_1_39' title="bbox 0 0 1618 4868; baseline 0 3"><span class='ocrx_word' id='word_1_328' title='bbox 0 0 1618 4868; x_wconf 95' lang='lat' dir='ltr'> </span> 
     </span>
    </p>
   </div>
  </div>
 </body>
</html>
