3228 4868
341 269 404 320 102
707 253 775 320 DE
797 251 1071 322 SCACCARIO
1313 253 1342 348 [1
1357 257 1435 323 xis

337 434 506 510 regnante,
526 433 597 490 tam
619 423 705 490 Daci
727 444 828 509 quam
850 424 951 492 ceteri
973 425 1060 491 terre
1082 425 1248 510 marisque
1271 427 1436 511 predones

302 528 472 596 Bhostiles
505 527 706 595 cohibebant
735 529 892 612 incursus,
921 529 1063 596 scientes
1095 551 1210 596 verum
1243 551 1315 597 esse
1344 533 1435 615 quod

336 633 493 717 scriptum
513 642 566 699 est
586 632 693 698 ‘Cum
708 633 802 698 sortis
816 643 963 698 armatus
977 635 1123 700 custodit
1140 635 1261 700 atrium
1280 655 1387 714 suum,
1401 634 1436 700 in

335 756 417 820 pace
431 746 510 801 sunt
525 756 644 819 eaque
659 735 824 821 possidet'
870 738 1044 804 Nouerant
1059 739 1159 804 etiam
1174 741 1264 822 quod
1279 738 1435 804 acerrime

307 841 465 915 rvirtutis
488 840 639 906 homines
661 841 825 926 inpunitas
847 862 913 906 non
936 831 1044 906 ferunt
1066 842 1207 910 iniurias.
1253 843 1339 908 Cum
1354 863 1435 928 ergo

335 943 392 1009 diu
414 943 559 1010 siluisset
584 953 673 1010 terra
696 943 758 1009 sub
785 943 932 1010 eiusdem
959 946 1043 1030 regis
1066 946 1215 1031 imperio,
1236 945 1343 1012 uoluit
1368 944 1433 1011 hoc

335 1057 372 1112 vt
392 1067 537 1112 annuum
566 1046 662 1127 solui,
688 1048 780 1133 quod
803 1046 910 1114 inerat
935 1058 1074 1133 urgente
1095 1051 1294 1116 necessitate
1315 1049 1434 1116 bellice

334 1151 542 1234 tempestatis
556 1161 724 1231 exactum,
740 1173 799 1217 nec
817 1160 930 1220 tamen
946 1154 1083 1219 omnino
1098 1164 1233 1238 propter
1244 1155 1433 1238 inopinatos

334 1276 430 1322 casus
445 1256 577 1322 dimitti.
622 1255 714 1322 Raro
727 1257 828 1340 igitur
838 1257 1043 1340 temporibus
1055 1258 1124 1323 eius
1138 1257 1190 1322 vel
1204 1277 1432 1323 successorum

291 1381 322 1419 ιο
333 1359 435 1444 ipsius
456 1360 585 1426 solutus
606 1368 676 1439 est;
698 1359 763 1428 hoc
784 1371 835 1426 est
857 1381 933 1426 cum
955 1361 1000 1426 ab
1022 1363 1145 1427 exteris
1166 1363 1321 1447 gentibus
1343 1361 1433 1428 bella

333 1464 386 1530 vel
415 1464 586 1548 opiniones
613 1463 775 1531 bellonam
802 1465 1024 1550 insurgebant.
1068 1465 1195 1531 Verum
1220 1485 1433 1550 quocumque

333 1577 484 1654 tempore
503 1567 660 1649 soluatur,
674 1569 719 1635 ab
734 1567 808 1652 ipso
826 1567 918 1632 liberi
941 1576 1018 1634 sunt
1035 1569 1092 1652 qui
1113 1569 1259 1634 assident
1279 1571 1322 1635 ad
1342 1589 1431 1636 scac-

333 1672 457 1738 carium
480 1671 565 1738 sicut
586 1673 713 1738 dictum
736 1681 796 1738 est.
838 1672 1060 1739 Vicecomites
1081 1693 1226 1756 quoque,
1248 1673 1324 1738 licet
1345 1674 1433 1739 inter

333 1776 472 1842 barones
494 1776 647 1841 scaccarii
669 1795 736 1840 non
759 1785 1000 1860 computentur,
1015 1777 1059 1842 ab
1081 1777 1145 1842 hoc
1166 1777 1270 1862 quieti
1292 1787 1371 1843 sunt
1388 1779 1432 1844 de

289 1899 319 1953 15
332 1880 489 1946 dominiis
504 1879 571 1944 suis
586 1888 722 1964 propter
737 1878 933 1945 laboriosam
949 1879 1096 1945 eiusdem
1111 1901 1227 1946 census
1246 1881 1431 1948 collectam.

217 2011 220 2018 ·
333 1983 476 2048 Noueris
501 1992 615 2049 autem
641 1982 787 2049 dominia
819 1981 994 2050 cuiuslibet
1019 1984 1081 2051 hec
1109 1985 1174 2050 dici
1199 2005 1265 2069 que
1290 1985 1432 2070 propriis

331 2087 520 2173 sumptibus
545 2087 598 2152 vel
615 2086 784 2152 laboribus
801 2087 1010 2170 excoluntur,
1026 2099 1059 2155 et
1083 2089 1244 2172 itemque
1263 2091 1307 2155 ab
1328 2091 1429 2154 ascri·

331 2191 437 2276 ptitiis
458 2191 526 2256 suis
550 2211 611 2256 suo
633 2191 766 2256 nomine
788 2193 1007 2276 possidentur.
1052 2191 1142 2277 Quia
1156 2193 1243 2258 enirn
1258 2192 1430 2276 ascriptitii

331 2296 375 2362 de
389 2295 481 2380 regni
496 2296 566 2360 iure
581 2316 648 2360 non
663 2295 771 2360 solum
786 2295 830 2361 ab
844 2295 906 2362 hiis
921 2317 987 2380 que
1003 2297 1103 2364 modo
1119 2297 1291 2381 possident
1305 2297 1348 2362 ad
1363 2297 1430 2362 alia

287 2425 318 2462 ιο
331 2399 405 2466 loca
430 2421 451 2466 a
473 2401 615 2466 dominis
638 2401 706 2464 suis
732 2401 897 2465 transferri
927 2409 1082 2483 possunt,
1102 2421 1217 2468 verum
1243 2403 1345 2468 etiam
1368 2401 1430 2486 ipsi

295 2523 464 2589 equoque
494 2503 583 2568 licite
611 2504 799 2570 venduntur
825 2503 885 2568 vel,
907 2503 1161 2589 quomodolibet
1188 2504 1430 2583 distrahuntur,

331 2609 449 2674 merito
466 2617 536 2674 tam
551 2606 624 2691 ipsi,
639 2627 740 2692 quam
762 2616 849 2673 terre
863 2627 946 2691 quas
968 2606 1127 2674 excolunt
1141 2619 1178 2674 vt
1200 2609 1344 2674 dominis
1361 2608 1430 2676 suis

330 2712 485 2788 seruiant,
507 2710 653 2777 dominia
675 2721 881 2794 reputantur.
927 2711 1014 2778 Item
1035 2713 1138 2777 fertur
1159 2713 1203 2778 ab
1224 2712 1287 2777 hiis
1310 2713 1429 2796 quibus

329 2815 468 2899 antiqua
495 2815 649 2880 scaccarii
677 2814 819 2899 dignitas
855 2815 990 2881 oculata
1024 2814 1089 2881 lide
1126 2816 1301 2900 pernotuit,
1336 2817 1429 2901 quod

232 2931 235 2938 '
285 2939 316 2991 ²5
329 2920 470 2986 barones
490 2919 559 2983 eius
580 2919 624 2984 ab
644 2920 777 2985 essartis
795 2917 990 2985 forestarum
1010 2919 1104 2985 liberi
1121 2931 1198 2986 sunt
1216 2921 1259 2986 de
1274 2921 1429 2986 dominiis

329 3023 414 3089 suis:
437 3022 558 3107 quibus
573 3032 607 3088 et
628 3043 689 3087 nos
704 3025 891 3090 consentire
905 3023 1066 3103 videmur,
1081 3024 1210 3091 adiecta
1228 3023 1430 3090 determina·

329 3127 421 3193 tione
442 3135 480 3192 vt
498 3125 542 3192 de
562 3125 627 3191 hiis
648 3127 781 3192 essartis
803 3127 956 3192 dicantur
977 3127 1091 3210 quieti,
1106 3147 1172 3211 que
1194 3126 1324 3194 fuerant
1348 3138 1428 3194 ante

328 3230 418 3295 diem
447 3249 514 3314 qua
543 3249 603 3294 rex
633 3229 768 3295 illustris
800 3231 965 3296 Henricus
997 3231 1123 3314 primus
1154 3232 1252 3298 rebus
1273 3229 1428 3296 humanis

328 3343 508 3419 exemptus
530 3342 590 3398 est.
635 3332 671 3398 Si
694 3333 782 3399 enim
804 3334 848 3400 de
869 3335 1033 3412 omnibus,
1047 3355 1257 3420 quocumque
1276 3345 1429 3420 ternpore

283 3457 315 3508 30
329 3437 423 3504 lactis
437 3437 490 3503 vel
508 3437 676 3515 faciendis,
691 3439 794 3523 quieti
814 3449 933 3517 essent,
952 3438 1093 3505 liberum
1111 3441 1278 3506 videretur
1294 3441 1428 3506 baroni·

328 3543 400 3622 bus,
428 3552 564 3628 propter
588 3542 832 3626 impunitatem,
861 3563 996 3609 nemora
1024 3564 1095 3622 sua,
1125 3543 1158 3610 in
1186 3545 1308 3628 quibus
1338 3544 1430 3630 regia

329 3646 451 3714 loresta
473 3645 635 3725 consistit,
650 3668 710 3730 pro
732 3647 782 3712 sui
804 3647 929 3714 arbitrii
950 3646 1122 3714 voluntate
1143 3649 1319 3727 succidere,
1337 3649 1428 3733 quod

328 3771 539 3836 nequaquam
556 3751 691 3834 impune
709 3761 847 3836 possunt
868 3753 930 3817 uisi
949 3753 1144 3837 precedente
1160 3755 1248 3837 regis
1265 3772 1427 3818 consensu

263 3857 266 3864 '
327 3855 381 3922 vel
396 3853 584 3941 principalis
607 3855 778 3922 forestarii.
824 3856 926 3922 Porro
948 3857 982 3920 in
1005 3857 1204 3922 necessarios
1227 3857 1329 3922 etiam
1350 3876 1429 3926 usus

363 4073 381 4128 4
400 4058 538 4116 Nouerint
552 4059 578 4115 C
680 4061 699 4117 6
717 4059 845 4117 soluisnet
857 4059 893 4114 N
994 4061 1011 4118 8
1030 4061 1146 4118 omnino
1161 4061 1197 4116 N
1203 4079 1285 4130 cnm,
1296 4059 1327 4117 R
1338 4077 1428 4118 com:

362 4131 425 4204 §mo
437 4130 497 4185 NR
561 4145 595 4186 ιο
611 4131 773 4188 solutumC
823 4131 989 4187 exterrisC
1051 4144 1081 4204 ις
1101 4133 1234 4188 collatam
1248 4133 1277 4188 R
1341 4145 1373 4200 17
1391 4133 1429 4188 ab

325 4197 724 4276 bumiptitiis]ascriptitiisC
793 4201 1091 4274 apost-quibusda
1105 4213 1134 4259 et
1148 4203 1253 4261 Ccorr.
1327 4217 1362 4270 24
1379 4220 1430 4259 an·

325 4308 379 4348 om·
389 4275 482 4348 ptos!
493 4269 614 4341 dignitas
620 4273 744 4342 ponite*
812 4286 846 4342 27
865 4271 911 4345 qui
927 4273 964 4328 N
1030 4287 1064 4344 34
1082 4273 1244 4331 etiamadd.
1258 4275 1363 4331 Ccorr.
