3210 4864
146 309 211 374 liii
225 303 268 398 n]
520 311 587 377 on
609 309 884 380 scnccnmo
1210 315 1251 402 ⁶³

146 480 427 547 numerandomm
454 482 489 548 id
510 482 554 549 de
575 503 642 566 quo
664 483 838 550 dubitatur
860 483 1024 568 proicitur.
1083 481 1146 574 [Et
1169 494 1250 552 nota

146 585 310 666 quosdam
335 585 513 650 comitatus
535 607 557 651 a
581 597 734 670 tempore
757 587 844 670 regis
870 587 1007 653 Henrici
1034 589 1132 672 primi
1156 599 1190 654 et
1217 590 1251 655 in

146 698 299 772 tempore
320 689 407 775 regis
429 689 566 756 Henrici
586 691 721 756 secundi
744 689 832 756 licite
855 691 1003 775 potuisse
1024 692 1252 778 cuiuscunque

146 802 282 858 monete
301 792 455 859 denarios
474 793 631 859 solutioni
645 792 764 860 olierre
778 795 962 861 dummodo
976 797 1125 881 argentei
1139 807 1250 864 essent

145 905 181 960 et
205 896 344 980 ponderi
368 895 520 982 legitimo
546 917 614 962 non
643 899 836 976 obstarent3
866 900 947 982 quia
975 899 1102 966 scilicet
1133 920 1277 982 mone-5

145 1000 248 1064 tarios
272 1019 317 1064 ex
343 1001 480 1084 antiqua
510 999 718 1068 institutione
746 1021 813 1066 non
842 1002 1004 1068 habentes
1031 1003 1251 1088 undecunque

144 1103 209 1168 sini
231 1103 381 1168 denarios
401 1104 645 1189 perquirebant,
665 1104 780 1190 quales
801 1115 880 1171 sunt
902 1106 1194 1174 Norhumberland
1215 1117 1251 1176 et

146 1205 382 1274 Cumberland.
430 1207 486 1275 Sic
511 1218 625 1274 autem
650 1210 794 1294 suscepti
819 1210 956 1287 denarii,
986 1210 1065 1277 licet
1086 1212 1130 1278 de
1154 1211 1251 1279 firma

145 1320 267 1388 essent,
281 1331 428 1376 seorsum
443 1321 557 1378 tamen
575 1313 618 1377 ab
636 1313 799 1378 alliacum
814 1313 1013 1396 quibusdam
1030 1313 1130 1399 signis
1144 1336 1249 1400 appo-

145 1416 219 1480 sitis
236 1415 462 1482 mittebantur.
507 1415 640 1498 Reliqui
656 1437 735 1482 vero
757 1417 935 1482 comitatus
957 1417 1046 1482 solos
1063 1417 1193 1484 vsualee
1214 1430 1294 1487 etro

144 1519 299 1584 instantis
315 1529 449 1584 monete
466 1517 645 1604 legittimos
660 1521 812 1586 denarios
826 1529 897 1586 tam
912 1522 955 1586 de
969 1519 1072 1586 firmis
1087 1541 1189 1604 quarn
1204 1522 1281 1587 dec

144 1623 277 1707 placitis
297 1622 490 1689 afferebant.
535 1623 593 1704 At,
614 1633 791 1709 postquam
815 1645 874 1690 rex
897 1625 1033 1691 illustris
1058 1626 1152 1692 cuius
1173 1625 1246 1691 laus

144 1736 198 1792 est
223 1727 257 1791 in
284 1728 382 1792 rebus
408 1727 537 1812 magnis
562 1727 778 1795 excellentior
802 1729 864 1795 sub
891 1728 1081 1796 monarchia
1104 1749 1164 1796 sua
1188 1751 1248 1816 per

143 1831 333 1896 vniuersum
354 1852 493 1916 regnum
511 1853 612 1897 vnum
635 1834 767 1917 pondus
789 1842 823 1900 et
840 1855 940 1899 vnam
963 1845 1133 1900 monetam
1156 1834 1249 1900 insti·

144 1935 220 2011 tuit,
234 1935 341 2000 omnis
359 1935 537 2001 comitatus
557 1956 623 2001 vna
644 1935 727 2020 legis
748 1937 945 2003 necessitate
966 1937 1072 2004 teneri
1094 1946 1129 2002 et
1149 1957 1293 2022 gene-15

145 2039 224 2104 ralis
252 2039 438 2104 commercii
467 2039 626 2105 solutioni
655 2041 744 2124 cepit
773 2039 923 2126 obligari.
979 2039 1107 2107 Omnes
1136 2042 1249 2125 itaque

57 2175 60 2180 ¹
145 2144 237 2209 idem
247 2151 380 2208 monete
388 2163 492 2228 genus
501 2145 803 2230 quomodocunque
811 2153 987 2210 teneantur
995 2145 1139 2210 soluunt
1176 2145 1248 2212 Sed

144 2257 259 2312 tamen
285 2246 469 2312 exactionis
499 2267 564 2331 que
586 2248 628 2312 de
653 2249 885 2314 combustione
907 2249 1060 2332 prouenit
1086 2248 1247 2316 iacturam

145 2371 263 2418 omnes
278 2372 345 2415 non
354 2347 543 2440 sustinent]
581 2351 666 2418 Item
681 2353 726 2418 hii
741 2353 845 2420 taleas
856 2351 980 2418 iaciunt
990 2354 1034 2418 de
1049 2355 1200 2437 receptis,
1213 2363 1248 2418 et

146 2475 323 2520 commune
337 2463 388 2520 est
402 2456 451 2520 eis
470 2477 546 2520 cum
562 2456 679 2524 clerico
694 2455 888 2523 thesaurarii
902 2465 939 2520 vt
954 2476 1014 2541 per
1033 2457 1147 2522 breuia
1162 2457 1248 2542 regis
1261 2479 1293 2515 ιο

144 2559 198 2624 vel
208 2569 366 2644 precepto
377 2549 548 2636 baronum,
559 2559 751 2626 thesaurum
761 2568 952 2643 susceptum
963 2561 1168 2645 expendant,
1179 2581 1247 2626 non

144 2673 258 2729 tamen
282 2663 472 2729 inconsultis
491 2665 633 2730 dominis
656 2665 733 2730 suis.
779 2665 838 2729 liii
855 2673 921 2730 tres
942 2663 1039 2728 simul
1057 2685 1172 2730 omnes
1193 2664 1247 2730 vel

145 2768 285 2834 vicissim
293 2787 369 2834 cum
380 2768 536 2834 thesauro
548 2769 725 2834 mittuntur
735 2789 810 2834 cum
819 2769 1013 2854 oportuerit.
1053 2768 1246 2834 Hiistribus

144 2873 389 2957 precipuacura
400 2881 449 2937 ent
460 2873 493 2936 in
503 2873 659 2938 omnibus
667 2871 731 2937 hiis
742 2891 807 2956 que
823 2871 965 2938 inferiori
981 2873 1142 2939 scaccario
1153 2871 1244 2938 fiunt.
1370 2867 1374 2876 ’

189 2975 385 3058 Drbcipulus.
431 2977 523 3061 Ergo
537 2985 574 3042 vt
588 2977 686 3042 video
704 2975 781 3042 licet
800 2975 863 3040 hiis
883 2997 944 3060 per
964 2977 1065 3041 breue
1087 2977 1173 3059 regis
1193 2975 1245 3041 vel
1260 2992 1291 3046 ²⁵

145 3089 304 3164 precepto
328 3099 441 3144 eorum
463 3079 521 3162 qui
544 3079 710 3163 president
733 3079 925 3146 thesaurum
951 3089 1142 3162 susceptum
1168 3099 1246 3146 con·

145 3183 242 3249 sultis
257 3193 368 3248 tamen
384 3183 526 3249 dominis
541 3184 606 3249 suis
621 3185 819 3268 expendere

190 3287 362 3370 Magister.
408 3288 513 3364 Licet,
529 3289 672 3370 inquam,
686 3287 750 3352 hoc
766 3287 876 3353 modo.
922 3287 976 3352 De
998 3285 1247 3352 liberationibus

146 3391 360 3458 seruientium
388 3390 547 3456 inferioris
575 3391 728 3456 scaccarii
758 3399 792 3456 et
821 3391 865 3456 de
895 3391 1027 3469 minutis
1056 3391 1246 3456 necessariis

146 3495 298 3562 scaccarii
323 3495 480 3571 emendis,
503 3494 616 3578 qualia
643 3504 720 3560 sunt
743 3515 823 3560 vasa
848 3494 905 3559 illa
927 3494 1034 3579 lignea
1058 3503 1092 3560 et
1117 3493 1181 3559 alia
1203 3495 1245 3560 de
1258 3511 1291 3564 ³0

147 3599 267 3683 quibus
282 3597 365 3662 inira
380 3598 515 3678 dicetur,
530 3619 644 3663 eorum
659 3597 736 3664 fidei
754 3597 978 3692 committitur.
1022 3596 1119 3662 Alias
1133 3607 1245 3662 antem

146 3723 221 3768 non.
259 3699 327 3785 Qui
337 3721 416 3766 vero
430 3699 531 3766 breue
545 3702 631 3784 regis
641 3701 693 3767 vel
709 3711 835 3767 cartam
850 3701 1005 3767 detulerit
1021 3721 1082 3785 pro
1096 3701 1243 3785 pecunia,

146 3805 401 3890 precipientibus
425 3805 570 3871 dominis
592 3804 670 3884 suis,
692 3803 754 3871 hac
776 3806 807 3870 ei
830 3804 904 3889 lege
925 3804 1074 3871 soluatur
1095 3804 1129 3870 id
1151 3805 1242 3890 quod
1256 3817 1282 3868 D

147 3929 303 3994 expresse
318 3909 505 3974 nominatur
519 3909 554 3974 in
569 3909 661 3975 breui
675 3917 722 3988 vt,
737 3919 917 3993 antequam
932 3919 1040 3988 exeat,
1055 3919 1242 3993 susceptam

181 4047 244 4104 rid
257 4046 294 4102 de
306 4063 363 4118 quo
374 4047 554 4116 scripsimus:
573 4044 650 4102 idem
661 4045 776 4118 quodC
834 4045 871 4102 de
881 4063 938 4120 quo
946 4047 1006 4102 NR
1068 4045 1249 4118 squodsiN

146 4116 583 4246 succuum
627 4116 1249 4257 sulm

147 4203 180 4330 g
196 4259 357 4316 sustineant
368 4259 404 4315 N
408 4201 422 4259 5
466 4272 501 4326 24
519 4258 589 4316 finnt
604 4259 629 4318 C
636 4259 669 4315 in
681 4275 802 4314 rasura:
820 4257 902 4315 inerit
913 4259 951 4342 R·
1007 4273 1043 4330 29
1060 4259 1243 4316 seruientium

142 4329 349 4403 postcomm
356 4333 445 4404 ponet
455 4329 580 4404 Cmarg.
672 4343 715 4401 33,
725 4343 760 4400 34
772 4329 802 4388 id
815 4369 841 4388 ..
855 4371 863 4390 .
875 4341 1097 4390 nommetur-om.
1109 4331 1136 4387 R
