3228 4868
303 248 368 316 126
672 247 738 314 DE
763 244 1041 314 SCACCARIO
1269 243 1316 331 [ιι
1330 244 1404 310 ivs

301 421 491 497 constitute,
517 419 546 484 si
570 428 658 485 terre
679 419 768 498 date,
789 417 837 484 sic
859 439 895 485 se
915 417 1043 486 habent
1063 417 1129 484 hoc
1149 436 1240 484 anno
1262 415 1349 484 sicut
1371 418 1405 482 in

302 521 506 612 preteritoi’
550 521 652 608 Quod
675 523 703 586 si
722 520 873 588 similiter
891 543 928 588 se
945 521 1069 588 habere
1088 521 1304 606 responderit,
1324 530 1404 586 tunc

302 628 443 712 scriptor
464 625 658 694 thesaurarii
678 625 873 710 preteritum
890 623 1044 691 annalem
1064 623 1212 691 rotulum
1228 623 1408 709 diligenter

303 730 338 795 in
373 730 437 796 hiis
464 729 653 797 constitutis
682 727 863 794 scribendis
896 737 1063 812 sequatur,
1095 737 1277 796 contuente
1307 727 1406 794 simul

274 833 588 916 ,thesaurario‘ne
601 833 686 898 sorte
697 851 815 900 manus
827 831 994 917 scriptoris
1007 833 1138 898 aberret
1148 829 1168 911 ’3
1187 833 1310 916 etquis
1323 833 1404 896 satis

303 938 338 1003 in
352 937 452 1004 titulo
466 938 511 1003 de
524 937 632 1003 officio
651 936 820 1020 scriptoris
838 935 1034 1003 thesaurarii
1049 939 1093 1004 de
1110 937 1226 1004 ordine
1244 937 1408 1021 scripture

304 1041 433 1110 dixisse
447 1061 503 1107 me
516 1040 662 1120 memini,
677 1041 741 1106 hiis
755 1040 799 1106 ad
811 1043 1173 1126 presenssupersedeo.

347 1144 545 1230 Discipulus.
592 1144 659 1212 Dic
675 1163 764 1228 ergo,
778 1145 806 1210 si
826 1144 945 1230 placet,
964 1146 1009 1212 de
1022 1145 1087 1212 hiis
1104 1166 1171 1231 que
1189 1145 1257 1212 iam
1277 1144 1406 1212 dudum

303 1269 408 1334 vsque
436 1250 481 1316 ad
508 1248 638 1334 agenda
665 1247 868 1315 vicecomitis
896 1247 1066 1330 distulisti,
1094 1250 1177 1334 quid
1203 1249 1330 1316 scilicet
1359 1249 1403 1313 sit

261 1381 293 1420 ιο
306 1355 469 1437 quasdam
498 1363 603 1420 terras
632 1373 654 1417 a
682 1371 761 1437 rege
790 1352 862 1418 dari
891 1352 1028 1421 blaneas
1056 1355 1221 1438 quasdam
1254 1374 1405 1420 numero.

307 1457 386 1524 Hoc
401 1459 491 1523 enim
507 1476 563 1523 me
579 1455 772 1523 sollicitauit
786 1458 830 1523 ab
846 1456 951 1524 initio.

348 1560 526 1645 Magister.
570 1559 670 1640 Satis,
684 1569 721 1626 vt
735 1561 845 1641 credo,
859 1559 921 1627 tibi
936 1569 1067 1627 constat
1087 1581 1133 1626 ex
1148 1560 1305 1646 predictis
1322 1560 1405 1644 quid

306 1665 351 1732 sit
364 1667 527 1751 quasdam
542 1663 655 1730 firmas
669 1663 753 1730 solui
772 1664 908 1732 blancae
921 1665 1084 1749 quasdam
1100 1685 1248 1732 numero.
1293 1665 1409 1730 Firma

305 1771 441 1856 quidem
456 1769 576 1836 blanca
590 1768 731 1836 soluitur
743 1787 820 1834 cum
835 1768 917 1853 ipsa,
932 1767 1021 1836 lacto
1040 1769 1205 1849 examine,
1220 1769 1406 1835 dealbatur.
1458 1803 1461 1810 ·

262 1868 293 1922 ¹⁵
268 1872 428 1982 Quis
418 1893 551 1958 insuper
580 1871 678 1939 luerit
699 1873 795 1940 huius
824 1873 1041 1940 institutionis
1065 1885 1182 1940 auctor
1203 1882 1240 1939 et
1266 1891 1334 1956 que
1354 1873 1406 1937 in·

268 1937 467 2045 stituendi
492 1977 578 2044 ratio
595 1977 676 2044 satis
696 1977 860 2046 innotuit.
883 1997 983 2064 porro
1006 1975 1137 2044 firmam
1157 1996 1295 2043 numero
1320 1975 1405 2042 solui

306 2081 455 2148 diximus
470 2102 547 2149 cum
565 2091 698 2148 tantum
719 2083 924 2150 numerando
943 2102 1011 2148 non
1029 2083 1257 2149 examinando
1274 2082 1343 2148 de
1333 2099 1406 2166 rpsa

305 2184 434 2250 satisfit.
480 2184 567 2252 Cum
592 2205 673 2268 ergo
694 2206 755 2252 rex
778 2185 918 2252 fundum
940 2184 1083 2269 aliquem
1105 2185 1203 2252 alicui
1229 2185 1407 2254 contulerit

306 2289 405 2354 simul
427 2308 503 2355 cum
524 2289 707 2369 hundredo,
728 2288 781 2356 vel
805 2287 934 2373 placitis
955 2309 1023 2374 que
1044 2309 1090 2356 ex
1111 2289 1175 2357 hoc
1197 2289 1406 2374 proueniunt,

263 2415 295 2458 ro
306 2392 421 2458 dicunt
432 2390 574 2458 fundum
589 2391 682 2458 illum
698 2391 747 2457 illi
761 2392 918 2458 blancum
929 2391 1106 2472 collatum3
1129 2403 1165 2460 at
1179 2413 1267 2474 cum,
1276 2401 1407 2458 retento

305 2497 370 2564 sibi
392 2495 576 2578 hundredo,
592 2516 652 2582 per
668 2497 759 2582 quod
779 2496 876 2564 firma
893 2497 1041 2566 dealbari
1061 2497 1192 2575 dicitur,
1213 2495 1407 2582 simpliciter

306 2600 445 2667 fundum
475 2601 604 2668 dederit
633 2622 700 2668 non
728 2603 960 2684 determinans,
989 2605 1085 2670 ‘curu
1122 2597 1316 2669 hundredo'
1353 2599 1406 2666 vel

306 2701 505 2783 ‘blancum'
527 2725 666 2771 numero
685 2707 785 2774 datus
810 2707 941 2774 dicitur.
996 2706 1144 2792 Oportet
1163 2715 1277 2772 autem
1300 2713 1339 2770 vt
1361 2705 1406 2771 de

307 2807 412 2876 fundo
427 2807 549 2876 collato
563 2809 665 2876 breue
676 2811 773 2894 regis,
789 2811 842 2878 vel
857 2819 983 2878 cartam
995 2809 1074 2888 cius,
1091 2811 1282 2878 intermino
1299 2808 1407 2876 sancti

263 2933 293 2986 ιι
308 2911 482 2980 Michaelis
510 2911 547 2990 is,
574 2913 628 2978 cui
656 2912 797 2980 collatus
818 2924 879 2995 est,
904 2917 949 2982 ad
977 2915 1177 2982 scaccarium
1208 2913 1346 2990 deierat,
1369 2923 1407 2976 vt

306 3017 493 3084 vicecomiti
505 3026 736 3102 computetur;
750 3017 943 3102 alioquinin
956 3038 1080 3105 magno
1094 3018 1207 3084 annali
1218 3017 1328 3086 rotulo
1339 3037 1408 3082 non

306 3123 468 3188 scribetur
489 3140 551 3188 nec
583 3121 770 3188 vicecomiti
791 3123 1048 3206 computabitur.
1093 3121 1266 3190 Scribetur
1293 3132 1407 3188 autem

307 3222 364 3298 sic,
386 3231 465 3306 post
490 3221 685 3288 elemosinas
711 3230 745 3290 et
774 3222 920 3288 decimas
946 3230 981 3289 et
1002 3223 1213 3290 liberationes
1238 3222 1408 3306 utriusque

307 3327 440 3412 generis
447 3326 654 3404 constitutas,
663 3325 697 3390 in
710 3325 822 3410 capite
836 3325 921 3392 linee
936 3327 995 3391 ‘In
1010 3327 1106 3394 terris
1120 3327 1209 3394 datis
1224 3324 1271 3392 illi
1288 3325 1330 3392 N.
1345 3346 1408 3391 xx.

189 3413 195 3426 ‘
262 3429 409 3504 sannas
424 3429 469 3495 m.
486 3427 877 3496 nistnnu.xx.1nras
890 3427 1105 3496 numerous:
1144 3429 1408 3496 neomesiam

306 3535 398 3619 quod
410 3533 438 3599 si
452 3532 538 3599 forte
552 3532 639 3598 inter
647 3543 752 3600 terras
765 3534 862 3600 datas
872 3533 1035 3600 inueneris
1051 3531 1116 3600 ‘illi
1133 3533 1187 3600 vel
1202 3533 1250 3598 illi
1261 3555 1296 3598 x.
1307 3533 1408 3599 libras

307 3635 364 3706 bl.'
380 3635 434 3704 vel
448 3645 609 3702 ‘numero
627 3636 727 3702 ibide
746 3637 886 3720 prestito
906 3635 1012 3722 regis:
1027 3656 1104 3703 cum
1124 3637 1163 3712 is,
1181 3637 1238 3722 qui
1259 3657 1408 3704 commo·

308 3741 379 3810 dati
393 3740 446 3807 vel
461 3740 589 3826 prestiti
599 3739 762 3808 beneficio
770 3741 905 3826 gauisus
919 3740 1048 3825 eustati
1059 3742 1174 3810 debita
1184 3741 1335 3821 soluerit,
1344 3741 1408 3806 nisi

307 3865 368 3932 per
381 3845 524 3930 gratiam
545 3845 639 3930 regis.
655 3864 723 3911 non
742 3845 849 3924 uxori,
863 3865 931 3910 non
951 3845 1062 3912 liberis
1076 3865 1143 3914 non
1162 3844 1261 3912 alicui
1275 3845 1410 3911 nomine

342 3980 581 4050 sonutinenteN
681 3981 988 4039 dthesaurariimR
1086 3979 1414 4053 7memini1initiumN

308 4053 325 4109 8
338 4051 678 4124 postplscetaddetlv
726 4051 895 4109 dehiisom.
908 4055 936 4108 R
996 4053 1156 4138 9quodN
1218 4067 1252 4124 19
1283 4053 1412 4112 lacitoN

309 4137 347 4179 ιο
363 4123 570 4180 collomtumC
645 4123 1044 4207 uporthmdoaddsibiR
1121 4123 1225 4182 colloca
1338 4136 1372 4195 ις
1385 4123 1410 4179 is

306 4193 434 4323 gmesseNllei
486 4137 942 4336 aggioirbtilgffidahlcnesaddinli
993 4194 1293 4268 aonumemlibtasc
1348 4195 1410 4252 nd-
