3210 4864
205 1235 584 1338 DIALOGUS
641 1239 741 1336 DE
796 1239 1208 1340 SCACCARIO

554 1535 870 1639 [rknrurro]

255 1795 491 1864 RDINATIS
512 1817 532 1864 a
549 1799 615 1866 deo
628 1799 852 1884 potestatibus
866 1801 900 1866 in
917 1801 1007 1866 omni
1021 1799 1142 1868 timore
1155 1802 1258 1870 subici
1273 1817 1298 1866 A

273 1900 373 1966 simul
389 1911 423 1967 et
437 1901 576 1987 obsequi
590 1923 724 1970 necesse
738 1913 797 1970 eet
835 1903 956 1971 Omnis
970 1903 1059 1970 enim
1075 1914 1224 1988 potestas
1238 1927 1259 1972 a

161 2004 297 2068 domino
318 2005 384 2070 deo
405 2015 465 2070 est
511 2005 589 2074 Non
612 2026 692 2092 ergo
712 2007 844 2074 videtur
864 2009 1046 2075 absurdum
1067 2007 1120 2074 vel
1141 2030 1163 2076 a
1184 2010 1260 2076 viris

161 2107 390 2174 ecclesiasticis
403 2109 549 2176 alienum
564 2111 697 2194 regibus
711 2111 806 2194 quasi
826 2111 1079 2195 precellentibus
1093 2121 1128 2178 et
1142 2114 1259 2178 ceteris

159 2213 381 2296 potentatibus
401 2213 578 2279 seruiendo
597 2234 657 2279 sua
677 2214 749 2280 iura
768 2235 920 2294 seruare3
947 2215 1119 2300 presertim
1140 2215 1174 2280 in
1194 2215 1287 2291 biiss

160 2335 226 2398 que
255 2315 384 2382 veritati
409 2315 461 2380 vel
487 2317 651 2382 honestati
681 2337 749 2382 non
779 2318 927 2385 obuiant
972 2317 1116 2402 Oportet
1146 2328 1258 2386 autem

159 2418 223 2483 biis
246 2419 368 2484 seruire
390 2441 457 2485 non
483 2420 517 2486 in
542 2421 774 2487 conseruandis
799 2433 929 2488 tantum
953 2421 1172 2508 dignitatibus
1198 2443 1259 2507 per

160 2542 245 2606 quas
267 2521 372 2606 gloria
392 2523 480 2608 regie
499 2523 674 2608 potestatis
696 2523 812 2602 elucet,
827 2543 942 2590 verum
962 2523 995 2589 in
1016 2527 1257 2592 mundanarum

159 2627 354 2692 facultatum
379 2627 484 2711 copiis
508 2647 575 2712 que
603 2649 661 2694 eos
689 2629 740 2693 sui
766 2637 874 2695 status
900 2628 1027 2694 ratione
1050 2630 1257 2714 contingunt.

161 2729 224 2794 Ille
241 2729 331 2795 enim
346 2729 520 2810 illustrant¹
535 2731 596 2796 hec
610 2731 820 2798 subueniunt.
858 2731 962 2797 Porro
976 2731 1148 2796 mobilium
1163 2732 1257 2816 copia
1273 2756 1305 2793 10

160 2833 212 2899 vel
244 2832 393 2899 desectus
424 2835 609 2919 principum
642 2821 825 2918 potesiates
856 2835 1008 2901 humiliat
1036 2833 1089 2900 vel
1121 2835 1257 2902 exaltat.

160 2935 295 3022 Quibus
310 2939 396 3004 enim
410 2937 473 3004 hec
483 2939 603 3004 desunt
617 2938 769 3005 hostibus
780 2939 884 3023 preda
898 2937 993 3014 fiunt,
1007 2939 1127 3022 quibus
1144 2947 1257 3004 autem

158 3041 223 3106 bec
245 3049 429 3125 suppetunt
450 3041 515 3107 hiis
535 3041 649 3107 hoster
670 3041 705 3106 in
726 3042 865 3125 predam
888 3041 1020 3106 cedunt
1065 3041 1155 3107 Sane
1179 3041 1257 3110 licet

158 3145 223 3211 bec
251 3146 384 3230 regibus
413 3143 618 3230 plerumque,
637 3144 708 3209 iure
732 3165 799 3210 non
825 3165 959 3230 prorsus
985 3145 1176 3211 examinato
1205 3155 1257 3212 set

158 3249 276 3332 patriis
290 3249 490 3332 quandoque
504 3247 634 3332 legibus
648 3247 850 3332 quandoque
864 3249 1014 3315 cordium
1029 3267 1165 3314 suorum
1179 3268 1256 3316 con-
1272 3271 1303 3323 ¹⁵

157 3352 237 3418 ailiia
259 3351 397 3419 occultis
421 3351 475 3417 vel
500 3350 601 3417 eoliua
627 3351 792 3417 interdum
818 3371 879 3418 sue
903 3351 1085 3417 voluntatis
1113 3352 1258 3432 arbitrio,

158 3455 334 3540 prouenire
357 3455 550 3540 contingam
577 3475 691 3520 eorum
719 3465 833 3522 tamen
859 3457 947 3522 facta
975 3455 1020 3520 ab
1049 3453 1257 3520 inferioribus

157 3559 366 3625 discutienda
389 3558 442 3624 vel
467 3557 744 3641 condempnanda
767 3579 834 3624 non
859 3569 946 3626 nunt
991 3549 1142 3644 Quorum
1168 3559 1255 3624 enim

158 3663 259 3729 corda
273 3673 309 3728 et
323 3671 434 3728 motus
449 3662 597 3728 cordium
611 3661 646 3726 in
662 3681 761 3726 manu
776 3662 830 3728 dei
845 3671 921 3728 sunt
935 3671 969 3728 et
983 3663 1103 3747 quibus
1120 3663 1164 3730 ab
1182 3662 1256 3746 ipso

158 3767 225 3830 deo
244 3763 453 3849 singulariter
470 3773 521 3830 est
540 3763 665 3830 credita
683 3783 763 3830 eura
780 3764 1000 3847 subditorum,
1020 3787 1135 3832 eorum
1157 3785 1304 3831 causano

159 3869 276 3934 diuino
293 3875 425 3934 tantum
446 3887 514 3934 non
532 3866 678 3932 humano
697 3866 822 3934 iudicio
839 3878 907 3934 stat
926 3877 985 3934 aut
1002 3869 1102 3934 cadit
1145 3868 1256 3936 Nemo
1397 3868 1400 3877 '

157 3981 271 4038 tamen
301 3970 544 4054 quantumlibet
569 3971 663 4036 diues
687 3969 715 4034 si
739 3989 836 4038 secun
861 3971 966 4054 egerit
991 3973 1034 4037 de
1060 3971 1257 4056 impunitate

194 4181 314 4238 animnl
337 4190 367 4238 et
384 4181 453 4238 CR:
473 4179 600 4238 similiter
617 4181 655 4236 N
765 4181 1259 4252 9-115acultaturn...exa1tatN'
1388 4171 1392 4184 ’

160 4265 195 4307 ro
205 4251 564 4308 mbiliumLiebemann:
578 4251 714 4310 nobilium
728 4252 809 4308 CNR
896 4267 930 4309 ra
941 4254 1012 4310 bec.
1022 4293 1031 4312 .
1041 4292 1049 4310 .
1060 4265 1216 4312 antemonet
1228 4255 1258 4310 R

158 4321 558 4395 desmtlmppetnnthm.
629 4337 661 4393 13
679 4320 810 4396 predam]
822 4323 984 4396 predictaR
1042 4325 1076 4384 16
1094 4323 1260 4397 melriuec
