3228 4868
345 266 410 346 146
576 265 578 270 ·
714 265 782 334 ue
805 265 1079 336 scnccnmo
1287 267 1446 358 [nnnc

385 449 582 533 Discipulus.
628 447 737 516 Cerno
763 449 854 532 quod
879 449 1089 517 inmunibus
1113 449 1252 516 modurn
1274 463 1446 520 seruantes

295 599 300 612 .
343 573 474 638 semper
488 553 587 638 reglis
602 554 787 644 commodis
802 553 968 619 inheretis.
1272 555 1275 560 '

386 655 562 741 Magister.
608 657 802 723 Memoriter
821 667 915 723 tenes
933 655 1015 741 quid
1035 655 1078 723 de
1095 657 1221 724 ciuibus
1235 659 1288 724 vel
1303 661 1445 744 burgen-

346 759 437 827 sibus
459 773 526 826 non
553 759 757 827 soluentibus
780 760 825 826 sit
848 761 1025 846 agendum.
1069 759 1171 845 Quod
1193 761 1222 827 si
1244 761 1330 828 forte
1351 763 1446 829 miles

305 853 465 954 &aliquis
488 863 540 930 vel
565 863 756 930 liberalius
782 885 803 931 a
827 865 878 932 sui
904 872 1011 930 status
1036 863 1208 950 dignitate,
1230 865 1320 949 quod
1347 870 1445 950 absit,

344 970 548 1053 degenerans
568 967 823 1052 multiplicandis
843 968 986 1034 denariis
1002 987 1061 1051 per
1075 967 1209 1050 publica
1224 969 1445 1050 mercimonia,

340 1072 394 1139 vel
418 1093 479 1158 per
500 1072 726 1156 turpissimum
752 1091 857 1158 genus
882 1081 1025 1157 questus,
1051 1073 1142 1155 quod
1172 1083 1224 1139 est
1252 1095 1313 1158 per
1338 1073 1446 1158 senus,

340 1177 495 1242 institerit
524 1186 559 1242 et
587 1186 707 1243 exacta
736 1161 857 1261 sponte
887 1197 953 1242 non
982 1174 1127 1251 soluerit,
1157 1197 1223 1242 non
1253 1199 1313 1262 per
1341 1179 1444 1247 fidem

338 1289 471 1345 tantum
492 1282 535 1346 de
555 1299 622 1346 non
643 1281 786 1347 inuentis
805 1281 990 1346 vicecomes
1010 1278 1208 1360 absoluetur,
1227 1303 1350 1362 verum,
1367 1303 1443 1350 cum

225 1423 230 1434 ·
296 1409 328 1446 ιο
339 1383 401 1451 hec
425 1385 605 1468 presidenti
629 1386 841 1470 suggesserit,
856 1385 1051 1462 ¹districtum
1079 1384 1123 1449 ab
1149 1384 1223 1469 ipso
1249 1387 1444 1454 mandatum

340 1489 496 1573 suscipiet
525 1497 562 1556 vt
593 1491 637 1556 de
669 1509 808 1569 summa,
838 1509 904 1574 que
936 1488 980 1553 ab
1009 1488 1067 1553 illo
1097 1490 1281 1573 requiritur,
1309 1491 1444 1556 statutis

340 1593 487 1659 terminis
512 1593 672 1660 soluenda
695 1592 905 1661 fideiussores
928 1593 1092 1671 inueniat3
1128 1595 1269 1676 quodsi
1293 1596 1443 1676 noluerit,

340 1717 456 1762 omnes
471 1699 542 1764 eius
557 1697 704 1763 redditus
720 1697 919 1778 infiscentur,
933 1705 969 1762 vt
984 1697 1017 1760 in
1032 1697 1096 1762 hac
1109 1707 1207 1781 parte
1222 1699 1341 1765 merito
1356 1697 1415 1765 fiat

266 1887 268 1894 ,
392 1803 474 1896 ‘hiis
495 1801 612 1867 similis
634 1803 691 1885 qui
714 1799 937 1887 multiplicant
959 1819 1160 1884 quocunque
1183 1803 1287 1868 modo
1310 1799 1399 1868 rem!

296 1927 325 1978 15
382 1903 581 1990 Discepulus.
625 1905 774 1990 Dignum
790 1925 826 1970 re
839 1923 917 1970 vera
932 1913 982 1970 est
996 1915 1033 1969 vt
1048 1923 1069 1968 a
1083 1913 1173 1969 statu
1193 1923 1256 1970 suo
1276 1925 1337 1988 pro
1353 1905 1443 1988 turpi

254 2010 255 2014 ’
339 2019 459 2092 questu
480 2011 644 2092 recedens,
658 2009 804 2096 degener
827 2009 922 2074 miles
939 2007 993 2073 vel
1012 2007 1097 2073 liber
1116 2007 1201 2074 alius
1222 2018 1333 2093 preter
1352 2029 1443 2075 com·

340 2131 474 2178 munem
489 2113 666 2179 liberorum
682 2111 790 2199 legem
804 2114 968 2199 puniatur.
998 2109 1068 2177 Set
1083 2110 1150 2174 iam
1165 2131 1263 2190 nunc,
1277 2113 1304 2177 si
1321 2113 1442 2198 placet,

339 2215 480 2282 edissere
505 2237 572 2300 que
597 2227 683 2292 suut,
705 2237 770 2302 que
795 2237 857 2300 pro
882 2215 1009 2282 catallis
1030 2204 1189 2300 eius,'qui
1211 2217 1281 2300 regi
1302 2225 1444 2296 tenetur,

338 2319 482 2386 debeant
508 2321 685 2404 imputari3
716 2331 751 2386 et
775 2330 886 2386 vtrum
913 2320 956 2386 ab
982 2319 1136 2384 omnibus
1160 2319 1273 2385 omnia
1294 2320 1443 2386 tollenda

294 2433 416 2490 zosunt
445 2444 465 2490 a
490 2423 691 2504 vicecomite,
713 2443 886 2508 quousque
916 2441 1055 2503 summa,
1076 2442 1142 2507 que
1171 2423 1354 2506 requiritur,
1379 2443 1441 2489 ex·

339 2536 444 2612 urgat,
461 2529 596 2613 quando
610 2529 736 2595 scilicet
751 2527 940 2614 principalis
954 2527 1086 2593 debitor
1099 2535 1220 2593 exacta
1233 2537 1355 2610 sponte
1371 2547 1439 2594 non

293 2685 300 2700 .
339 2631 450 2698 soluit.

266 2701 326 2816 Ἴ
381 2735 556 2820 Magister.
602 2735 642 2800 In
664 2735 802 2822 pelagus
828 2755 882 2801 me
907 2734 1119 2819 questionum
1145 2733 1297 2818 impellis,
1319 2734 1441 2814 nescio,

339 2841 421 2908 deus
436 2841 507 2918 scit,
522 2860 588 2924 qua
603 2859 815 2906 emersurum.
860 2839 1001 2904 Noueris
1016 2839 1128 2923 itaque
1142 2839 1232 2922 quod
1248 2839 1300 2902 hic
1321 2839 1441 2904 iterum

293 2967 324 3018 25
340 2963 553 3028 personarum
568 2943 732 3010 distinctio
748 2943 931 3009 necessaria
941 2952 1000 3022 est,
1011 2942 1096 3008 sicut
1107 2961 1151 3006 ex
1163 2941 1441 3024 consequentibus

337 3048 485 3134 liquebit.
528 3046 659 3113 Vellem
688 3055 802 3112 tamen
832 3047 866 3112 in
894 3047 957 3112 hac
987 3055 1082 3130 parte
1109 3045 1189 3110 mihi
1219 3027 1370 3129 parceres
1398 3067 1442 3113 ne

338 3153 487 3238 pluribus
509 3151 712 3236 displicitura
734 3151 879 3236 prolerre
900 3149 1091 3235 compellas.
1282 3223 1284 3228 .

381 3255 579 3341 Ducipulus.
631 3253 724 3319 Dum
739 3277 760 3322 a
776 3255 859 3341 legis
874 3255 1054 3320 constitute
1075 3253 1211 3320 tramite
1225 3273 1292 3320 non
1308 3254 1439 3319 exorbi-

337 3361 470 3441 taueris,
484 3361 605 3426 iustam
626 3359 796 3446 prudentis
817 3357 977 3424 offensam
997 3379 1064 3423 non
1085 3357 1280 3438 mereberis;
1306 3358 1441 3441 quodsi

292 3465 389 3536 secui
410 3485 512 3551 graue
533 3466 710 3545 videbitur,
731 3465 823 3550 quod
845 3463 903 3529 lex
924 3462 1048 3542 statuit,
1070 3461 1102 3527 ei
1125 3461 1183 3546 qui
1208 3463 1355 3530 condidit
1377 3462 1439 3528 ira-

207 3571 210 3578 '
337 3579 449 3635 scatur
462 3590 528 3634 non
544 3569 614 3635 tibi.

378 3673 556 3756 Magister.
603 3673 661 3740 Ab
687 3673 781 3739 initio
807 3671 939 3738 debitor
962 3669 1025 3736 tibi
1051 3655 1162 3735 iactus
1185 3689 1259 3734 sum
1289 3689 1334 3734 ex
1363 3689 1439 3754 pro·

335 3799 438 3844 mrsso
888 3833 890 3840 .
1022 3839 1026 3848 .

451 3865 560 3930 ‘Hinc
581 3874 633 3930 est
656 3863 745 3948 quod
768 3862 884 3928 nolens
907 3869 1024 3927 teneor
1045 3879 1162 3946 parere
1183 3856 1331 3944 petenti'

290 3985 321 4037 3⁵
336 3967 534 4036 Debitorum
561 3969 671 4055 igitur,
691 3968 750 4052 qui
773 3974 892 4032 exacta
917 3973 1039 4050 sponte
1064 3983 1132 4030 non
1155 3962 1297 4044 soluunt,
1319 3961 1441 4030 catalla

371 4186 544 4256 §tenensR
625 4181 1176 4258 7quodCinterlin.:hocN:mR
1257 4181 1444 4254 9de0m.N

337 4253 635 4396 ¹⁴1⁸imillvi⁷⁸l⁸infflf
704 4269 739 4323 24
739 4253 984 4382 ffiensprrgrlnenltll(
989 4323 1027 4381 Ν
1049 4255 1084 4311 28
1103 4251 1214 4326 legere
1279 4268 1314 4322 34
1326 4252 1440 4325 nolens]

334 4343 432 4384 veens
576 4342 607 4381 os
630 4343 727 4396 parere
797 4343 891 4386 ..vev
1170 4343 1174 4352 ·
