3228 4868
380 264 445 334 160
750 261 816 328 DE
840 260 1119 360 SCACCARIO
1272 261 1317 354 [11
1334 265 1474 331 xxviiia

378 434 480 498 daret
527 430 588 500 Set
607 451 628 496 a
647 431 863 516 prudentibus
881 440 915 498 et
934 431 1016 516 legis
1036 431 1148 500 diuine
1166 433 1281 526 peritis
1298 435 1474 519 perniciosa
1543 449 1546 458 ·

376 539 456 603 satis
482 537 554 602 visa
578 545 630 602 est
656 537 833 617 subtilitas,
856 557 932 601 cum
959 537 1061 602 semel
1087 537 1188 602 lidem
1215 537 1346 604 dederit
1373 559 1410 604 se
1433 538 1475 602 le,

376 641 532 723 gitimum
556 661 617 726 per
640 640 754 706 omnia
777 649 981 725 compotum,
1005 640 1100 706 salua
1122 643 1333 724 conscientia,
1357 642 1474 707 iecisse.

376 743 429 808 Ea
454 753 592 828 propter
615 744 678 810 hec
702 743 864 809 sententia
886 753 964 828 post
989 745 1159 811 modicum
1183 745 1301 810 rneruit
1322 766 1400 812 cum
1420 765 1474 810 suo

347 874 361 928 5
375 856 511 914 auctore
525 849 717 932 contempni
731 857 765 913 et
779 869 846 914 vna
859 847 936 928 fide,
955 848 1019 913 hoc
1036 859 1087 915 est
1106 849 1209 914 semel
1227 850 1317 930 data,
1331 850 1475 926 contenti

375 961 461 1029 sunt,
476 952 555 1034 quia
571 952 604 1016 in
618 951 714 1028 vuius
729 949 806 1016 fidei
822 951 1026 1017 confessione
1040 971 1143 1017 vnum
1159 961 1246 1016 sunt.

416 1053 614 1137 Discipulus.
654 1053 771 1120 Sentio
787 1053 852 1118 iam
867 1052 1049 1138 languente
1063 1055 1141 1121 stilo
1156 1057 1246 1140 quod
1262 1055 1475 1122 dicendorum

374 1156 449 1222 finis
469 1158 587 1223 adesse
608 1155 754 1224 festinat.
798 1157 935 1234 Verum,
957 1159 1037 1224 licet
1056 1159 1210 1226 instantis
1232 1161 1345 1224 noctis.
1364 1180 1475 1244 crepu-

372 1261 500 1326 sculum
523 1271 557 1327 et
579 1260 796 1345 productioris
822 1262 933 1344 operis
958 1260 1054 1328 labor
1076 1262 1240 1345 prolixior
1261 1263 1306 1329 ad
1326 1263 1396 1328 alia
1417 1283 1473 1328 nos

329 1386 360 1430 10
373 1375 511 1430 euocent
533 1374 568 1430 et
590 1363 774 1450 paullulum
799 1367 959 1449 respirare
981 1365 1192 1450 compellant,
1214 1365 1334 1431 vellem
1358 1378 1474 1442 tamen,

373 1467 399 1532 si
426 1467 496 1532 fieri
522 1479 643 1552 posset,
666 1478 704 1532 vt
729 1487 936 1552 suspensam,
958 1479 993 1535 et
1018 1468 1178 1536 hactenus
1200 1468 1419 1534 fluctuantem
1444 1471 1473 1534 in

371 1571 473 1636 verbo
488 1580 555 1647 tuo,
570 1570 721 1655 discipuli
737 1571 784 1636 tui
800 1581 946 1637 mentem
965 1573 1187 1652 confismares,
1201 1574 1383 1638 ostendens
1398 1575 1472 1657 quid

370 1673 423 1752 sit,
437 1675 529 1758 quod
549 1675 592 1738 ab
612 1674 707 1740 initio
727 1676 854 1741 dixisse
871 1685 906 1741 te
925 1675 1043 1755 recolo,
1058 1686 1166 1742 totam
1181 1675 1308 1742 scilicet
1322 1676 1473 1744 scaccarii

371 1779 623 1863 discriptionem
654 1781 798 1862 quedem
828 1799 901 1844 esse
928 1789 1213 1846 sacramentorum
1242 1779 1386 1845 latibula
1413 1801 1472 1862 que

326 1882 548 1954 1sreuelanda
573 1891 649 1948 sunt
674 1902 753 1948 cum
778 1881 928 1948 omnium
951 1882 1026 1948 libri
1051 1884 1159 1969 aperti
1186 1891 1285 1950 erunt
1314 1894 1351 1950 et
1381 1885 1471 1948 ianua
1567 1921 1568 1946 r

370 1987 490 2054 clausa.
558 1985 559 1988 ’

411 2089 588 2174 Magister.
633 2089 799 2175 Magnum
824 2099 876 2156 est
898 2091 988 2175 quod
1014 2091 1124 2176 queris
1150 2101 1185 2156 et
1210 2089 1345 2156 alterius
1375 2109 1471 2174 egens

334 2193 597 2276 uinquisitionis,
615 2212 679 2258 nec
699 2191 750 2257 his
772 2195 980 2277 exponendis
1002 2215 1047 2258 ex
1071 2195 1235 2279 promisso
1257 2195 1395 2262 debitor
1415 2195 1470 2260 tibi
1567 2263 1568 2266 ,

369 2294 474 2362 lactus
496 2317 580 2361 sum.
626 2297 691 2364 His
715 2297 815 2382 igitur
836 2297 880 2362 ad
902 2317 1037 2381 presens
1058 2301 1256 2382 supersedeo
1282 2301 1315 2364 in
1339 2299 1468 2365 alterius

304 2422 356 2490 Ιπο
368 2399 432 2464 diei
450 2399 712 2486 disputationem
729 2401 845 2466 eadem
865 2421 1043 2466 reseruans.
1086 2401 1212 2468 Vereor
1226 2403 1366 2486 quidem
1380 2423 1430 2484 ne,
1443 2403 1469 2468 si

368 2503 516 2587 pluribus
535 2513 672 2569 onerato
692 2523 814 2570 nouam
827 2505 997 2570 sarcinam
1019 2505 1232 2588 imponerem,
1247 2505 1309 2570 sub
1325 2506 1467 2590 pondere

367 2606 532 2672 deficeres.
579 2607 665 2672 Item
692 2608 720 2672 si
746 2609 812 2672 iam
836 2607 934 2673 dictis
957 2617 992 2673 et
1016 2609 1175 2674 memorie
1197 2609 1467 2674 commendandis

366 2733 528 2778 nouarum
543 2731 652 2778 rerum
668 2711 779 2776 studia
793 2731 996 2792 consuerem,
1011 2721 1150 2796 vtraque
1164 2721 1198 2776 te
1213 2712 1362 2778 fastidire
1381 2732 1467 2779 coms
1567 2725 1568 2766 l

365 2813 532 2899 pellerem.
592 2814 780 2880 Contentus
811 2833 891 2900 ergo
923 2813 992 2880 iam
1025 2816 1123 2881 dictis
1151 2825 1222 2881 esto
1250 2816 1294 2881 ad
1324 2837 1392 2900 que
1419 2836 1467 2880 me

320 2931 351 2983 ²⁵
365 2919 512 3003 coegisti.
559 2917 675 2983 Habes
701 2919 789 2982 enim
816 2917 850 2982 in
876 2917 937 2993 his,
961 2926 1124 3000 quantum
1147 2919 1280 2984 madide
1301 2939 1338 2983 se
1362 2920 1464 3006 potuit

364 3021 483 3087 offerre
505 3021 673 3098 memorie,
694 3011 903 3105 quecumque
924 3020 1009 3086 circa
1032 3023 1183 3088 scaccarii
1210 3023 1387 3088 scientiam
1409 3043 1464 3107 po·
1567 3007 1568 3068 3

363 3126 448 3190 tiora
464 3126 527 3191 tibi
541 3127 612 3192 visa
629 3135 715 3204 sunt,
731 3123 901 3191 initialiter
914 3131 1082 3208 utcunque
1097 3123 1268 3190 distincta.
1312 3124 1464 3191 Ceterum
1567 3133 1568 3144 ¹

363 3229 407 3292 ad
427 3228 568 3313 singula,
584 3249 651 3313 que
671 3236 779 3293 tractu
800 3227 958 3312 temporis
973 3225 1078 3293 videri
1096 3237 1253 3312 poterunt
1274 3229 1465 3306 necessaria,
1567 3291 1568 3310 ,

362 3333 588 3416 vngue'tenus
608 3331 821 3416 explananda
841 3351 902 3396 nec
919 3331 1024 3409 uirtus
1043 3330 1195 3412 bominis,
1210 3351 1270 3397 nec
1284 3332 1354 3398 vita
1373 3334 1462 3406 forte,

317 3447 350 3496 30
362 3435 534 3502 sufficeret.
580 3435 638 3502 Ex
667 3436 764 3502 variis
789 3435 876 3500 enirn
904 3442 938 3498 et
964 3433 1104 3501 insolitis
1134 3434 1265 3500 casibus
1293 3437 1348 3500 vel
1377 3435 1460 3502 nulla
1567 3437 1568 3506 Ῐ

362 3537 421 3606 liet
442 3538 495 3604 vel
513 3539 621 3605 adhuc
637 3539 807 3626 incognita
825 3537 1018 3624 disciplina;
1039 3537 1128 3604 vnde
1148 3537 1187 3604 fit
1206 3549 1244 3604 vt
1261 3539 1460 3605 detractoriis

362 3643 482 3728 linguis
516 3643 593 3709 hinc
625 3644 737 3729 potius
772 3663 922 3728 exponar
954 3644 1047 3722 dum,
1075 3643 1273 3708 succedente
1305 3653 1459 3728 ternpore,

362 3747 518 3831 pleraque
547 3747 651 3814 dubia
681 3747 824 3813 necdum
857 3747 972 3811 audita
1001 3747 1141 3831 proponi
1169 3747 1355 3830 continget.
1410 3747 1458 3810 De

361 3851 483 3934 quibus
506 3861 565 3915 aut
590 3850 817 3916 consimilibus
841 3869 918 3914 cum
942 3849 996 3916 hic
1018 3850 1066 3914 nil
1088 3849 1282 3926 inuenerint,
1306 3850 1459 3935 incipiant

316 3979 347 4042 3⁵
362 3954 510 4033 illudere,
524 3953 683 4032 dicentes,
698 3951 771 4018 ‘hic
790 3953 894 4018 homo
914 3953 1002 4038 cepit
1022 3951 1177 4018 edificare
1198 3960 1232 4016 et
1254 3971 1321 4016 non
1343 3951 1457 4040 potuit,

397 4137 589 4205 ascientiaR
713 4137 885 4208 samoreR
1014 4136 1207 4199 8noctisom.
1220 4137 1247 4192 R
1359 4131 1455 4206 qslial
1567 4187 1568 4204 ,

360 4207 472 4336 {1}th
503 4280 532 4335 R
584 4207 1023 4279 11,1aiu...mentemom.R
1164 4205 1454 4280 26quicunquecodd.

427 4295 491 4335 acu
