3228 4868
187 261 283 356 rxu]
553 267 621 334 os
645 265 921 336 SCACCARIO
1222 282 1286 355 105

188 451 242 508 est
261 460 415 521 summa;
437 457 609 510 rosemans
630 450 743 506 autem
764 460 831 524 que
850 442 893 507 de
914 439 1062 507 dominio
1083 461 1146 508 suo
1168 461 1288 527 proue-

189 554 316 622 nerant,
338 543 527 629 ascriptitiis
550 543 627 619 eius,
643 545 734 628 quod
756 544 801 609 de
821 543 972 629 quolibet
993 555 1150 612 exactum
1172 546 1288 626 iuerat,

189 669 267 716 cum
289 648 478 733 integritate
500 645 635 728 restitui,
647 658 687 714 vt
708 646 806 714 huius
827 647 873 716 rei
895 647 990 716 testis
1012 657 1099 721 esset
1121 657 1288 736 superstes

191 756 360 822 memoria.

234 859 433 942 Disa'pulus.
477 857 580 925 Salua
591 858 777 928 reuerencia
791 877 858 925 oon
871 859 1032 944 exemplis
1043 869 1096 928 set
1110 860 1290 928 rationibus
1303 883 1318 936 t

191 964 226 1029 in
241 963 305 1028 hiis
319 965 479 1030 utendum
494 973 554 1030 est.

236 1068 413 1152 Magister.
457 1067 511 1133 Ita
536 1074 596 1134 est·
641 1065 702 1133 Set
731 1065 770 1132 fit
797 1067 962 1134 interdum
992 1077 1029 1135 vt
1054 1087 1153 1136 cause
1182 1089 1290 1136 rerum

193 1171 426 1254 dictorumque
446 1169 590 1236 rationes
611 1169 741 1236 occulte
766 1169 842 1251 sint,
864 1179 899 1236 et
921 1179 999 1238 tunc
1020 1172 1142 1239 sufficit
1162 1173 1206 1238 de
1227 1173 1290 1238 hiis

195 1273 352 1357 exempla
372 1273 529 1352 subicere,
550 1273 724 1358 presertim
748 1274 792 1339 de
813 1273 891 1338 viris
911 1274 1128 1359 prudentibus
1149 1285 1292 1358 sumpta,

194 1397 337 1462 quorum
352 1397 452 1462 opera
471 1377 707 1462 circumspecta
727 1385 805 1442 sunt
825 1385 860 1442 et
878 1376 948 1443 sine
966 1369 1092 1444 ratione
1111 1399 1178 1445 non
1199 1377 1291 1444 fiunt.
1307 1399 1341 1446 xo

194 1482 322 1548 Verum
349 1481 506 1565 quicquid
530 1501 629 1566 super
651 1481 713 1547 hiis
739 1481 923 1547 dixerimus
942 1481 1125 1566 allegantes
1147 1503 1208 1567 pro
1230 1481 1292 1548 hac

196 1585 349 1655 libertate
368 1585 422 1650 vel
437 1595 551 1651 contra
570 1605 655 1665 eam,
670 1595 797 1652 certum
816 1586 941 1652 habeas
958 1587 1049 1672 quod
1065 1585 1164 1652 nichil
1182 1587 1216 1651 in
1231 1585 1294 1655 bac

196 1702 292 1776 parte
313 1700 439 1756 certum
454 1689 594 1756 dicimus
616 1689 680 1754 nisi
695 1692 786 1774 quod
806 1691 962 1774 principis
984 1691 1163 1758 auctoritas
1182 1691 1294 1758 decre·

196 1797 282 1862 uerit
304 1796 558 1862 obseruandum.
603 1793 695 1861 Sane
719 1795 916 1862 forestarum
939 1796 1034 1877 ratio,
1054 1815 1141 1880 pena
1162 1815 1295 1879 quoque
1308 1809 1333 1860 G

198 1900 252 1966 vel
272 1899 440 1966 absolutio
461 1898 723 1983 delinquentium
751 1899 785 1964 in
809 1919 875 1979 eas,
896 1901 968 1966 siue
989 1899 1177 1985 pecuniaria
1198 1898 1296 1964 suerit
1311 1919 1341 1970 ¹5

198 2005 268 2071 siue
293 2003 482 2088 corporalis,
502 2023 652 2068 seorsum
677 2004 721 2069 ab
746 2003 819 2069 aliis
845 2005 937 2088 regni
962 2003 1091 2070 iudiciis
1115 2003 1297 2069 secernitur

200 2117 235 2173 et
263 2107 366 2174 solius
395 2107 482 2191 regis
514 2107 650 2174 arbitrio
678 2107 730 2172 vel
759 2107 931 2174 cuiuslibet
960 2106 1130 2174 familiaris
1160 2108 1205 2172 ad
1233 2106 1297 2172 hoc

200 2211 386 2298 specialiter
417 2211 567 2297 deputati
596 2211 763 2276 subicitur.
808 2211 958 2296 Legibus
989 2211 1125 2295 quidem
1154 2209 1296 2296 propriis

200 2316 350 2384 subsistit
365 2335 447 2399 quas
462 2335 529 2380 non
549 2315 716 2381 communi
733 2317 825 2400 regni
847 2317 917 2382 iure
934 2325 986 2384 set
1004 2315 1298 2400 voluntariaprin·

201 2422 313 2505 cipum
328 2419 535 2484 institutione
549 2419 707 2484 subnixas
721 2420 846 2498 dicunt,
857 2421 943 2488 adeo
955 2431 993 2488 vt
1008 2419 1098 2505 quod
1113 2439 1173 2504 per
1188 2417 1297 2504 legem
1313 2439 1347 2476 ω

203 2523 274 2588 eius
289 2519 414 2586 sactum
425 2518 524 2584 luerit
538 2507 605 2584 non
619 2519 742 2586 iustum
757 2520 908 2586 absolute
919 2529 970 2588 set
985 2521 1107 2589 iustum
1117 2520 1298 2588 secundum

203 2626 312 2710 legem
327 2623 447 2689 foreste
461 2622 598 2690 dicatur.
644 2623 684 2688 In
706 2621 839 2690 forestis
858 2624 958 2690 etiam
980 2624 1162 2710 penetralia
1183 2642 1299 2708 regum

204 2737 327 2795 suntet
339 2745 452 2792 eorum
465 2727 613 2791 maxime
622 2725 746 2792 delicie.
791 2727 851 2794 Ad
861 2728 922 2793 has
934 2728 1023 2794 enim
1038 2727 1181 2794 venandi
1193 2745 1301 2806 causa,

204 2833 289 2900 curis
303 2831 502 2915 quandoque
516 2831 687 2915 depositis,
702 2832 865 2897 accedunt
876 2841 913 2897 vt
927 2831 1057 2898 modica
1072 2832 1184 2917 quiete
1198 2847 1301 2895 recre-

206 2947 310 3003 entur.
350 2934 433 3014 lllic,
446 2933 538 3002 seriis
553 2933 650 3000 simul
666 2943 700 2999 et
715 2934 837 3000 innatis
851 2937 939 3000 curie
953 2935 1152 3000 tumultibus
1163 2932 1301 3014 omissis,
1317 2955 1349 3011 ²5

204 3041 239 3106 in
259 3038 416 3105 naturalis
436 3037 597 3104 libertatis
614 3039 755 3122 gratiam
776 3037 944 3124 paulisper
964 3039 1139 3122 respirant,
1154 3039 1243 3103 vnde
1263 3036 1303 3102 fit

205 3153 243 3212 vt
258 3144 487 3227 delinquentes
499 3143 532 3207 in
548 3161 621 3208 eam
634 3141 696 3207 soli
711 3143 802 3226 regie
812 3143 1004 3209 subiaceant
1015 3140 1302 3210 animaduersioni.

250 3246 447 3330 Discrpulus.
493 3246 550 3310 Ab
564 3265 675 3330 vngue
690 3247 798 3330 primo
813 3247 915 3312 didici
930 3247 1021 3330 quod
1034 3266 1136 3330 praue
1150 3245 1304 3330 pudentis

207 3361 258 3419 est
274 3351 495 3435 ignorantiam
511 3349 579 3432 pati
595 3349 693 3415 malle
708 3371 809 3434 quam
824 3349 986 3416 dictorum
1000 3371 1115 3417 causas
1130 3351 1304 3434 inquirere.

208 3455 257 3521 Vt
280 3475 360 3538 ergo
382 3455 425 3519 de
446 3453 602 3539 predictis
624 3452 754 3538 plenius
775 3463 915 3534 constet,
936 3453 1063 3540 aperire
1084 3473 1153 3520 non
1174 3451 1305 3520 differas
1319 3475 1352 3536 30

208 3560 289 3644 quid
304 3558 425 3626 foresta
439 3558 482 3624 sit
498 3557 627 3642 etquid
642 3567 815 3624 essartum.

252 3662 429 3746 Magister.
473 3661 611 3728 Foresta
638 3661 723 3745 regis
746 3671 797 3727 est
818 3669 893 3728 tuta
913 3661 1055 3727 serarum
1083 3663 1218 3739 mansio,
1241 3680 1307 3726 non
1320 3665 1367 3726 nii

210 3765 433 3852 quarumlibet
462 3775 513 3831 set
542 3763 749 3843 siluestrium,
771 3785 837 3829 non
866 3763 1069 3849 quibuslibet
1095 3765 1128 3830 in
1154 3765 1236 3831 locis
1258 3773 1310 3832 set

210 3870 310 3938 certis
325 3869 417 3935 etad
432 3869 496 3934 hoc
511 3869 648 3935 idoneis.
711 3868 813 3936 Vnde
826 3871 948 3935 foresta
959 3868 1088 3948 dicitur,
1103 3876 1259 3938 emutata
1273 3868 1308 3934 in

210 3997 239 4060 ρ,
253 3975 347 4059 quasi
364 3969 519 4054 ‘tereste’
534 3973 599 4040 hoc
613 3981 664 4044 est
678 3973 823 4038 serarum
837 3973 951 4040 statio.
1091 4037 1096 4049 ,
1323 3982 1355 4038 ³⁵

247 4149 487 4234 9emsemplalv
538 4163 571 4206 12
585 4151 653 4220 post
662 4149 790 4205 libertate
803 4147 867 4204 add
881 4156 988 4231 certum
1000 4146 1166 4231 dicimuslls
1211 4148 1243 4204 18
1262 4148 1312 4206 de·

211 4223 345 4293 putarrC
425 4218 558 4290 revnde]
571 4220 697 4276 vuumR
776 4221 810 4275 28
828 4220 972 4292 prudentrs
986 4218 1024 4276 C:
1043 4221 1312 4296 pudentrsvelpru·

213 4291 348 4350 dentisR
423 4306 459 4364 34
475 4289 525 4366 ad]
539 4290 625 4349 abN
696 4302 729 4366 35
749 4289 863 4364 leresta]
876 4290 1020 4349 istanc

257 4414 367 4452 assmcc
756 4393 778 4444 1>
