<?xml version="1.0" encoding="UTF-8"?>
<!DOCTYPE html PUBLIC "-//W3C//DTD XHTML 1.0 Transitional//EN"
    "http://www.w3.org/TR/xhtml1/DTD/xhtml1-transitional.dtd">
<html xmlns="http://www.w3.org/1999/xhtml" xml:lang="en" lang="en">
 <head>
  <title>
</title>
<meta http-equiv="Content-Type" content="text/html;charset=utf-8" />
  <meta name='ocr-system' content='tesseract 3.04.00' />
  <meta name='ocr-capabilities' content='ocr_page ocr_carea ocr_par ocr_line ocrx_word'/>
</head>
<body>
  <div class='ocr_page' id='page_1' title='image "./denecessariisob00fitzgoog_0083.png"; bbox 0 0 3210 4864; ppageno 0'>
   <div class='ocr_carea' id='block_1_1' title="bbox 312 210 1413 306">
    <p class='ocr_par' dir='ltr' id='par_1_1' title="bbox 312 210 1413 306">
     <span class='ocr_line' id='line_1_1' title="bbox 312 210 1413 306; baseline -0.011 -13"><span class='ocrx_word' id='word_1_1' title='bbox 312 226 354 294; x_wconf 86' lang='lat'>68</span> <span class='ocrx_word' id='word_1_2' title='bbox 680 221 747 288; x_wconf 88' lang='lat' dir='ltr'>DE</span> <span class='ocrx_word' id='word_1_3' title='bbox 772 218 1046 289; x_wconf 87' lang='lat' dir='ltr'>SCACCARIO</span> <span class='ocrx_word' id='word_1_4' title='bbox 1123 251 1126 260; x_wconf 89' lang='lat'>·</span> <span class='ocrx_word' id='word_1_5' title='bbox 1283 210 1313 306; x_wconf 89' lang='lat'>[1</span> <span class='ocrx_word' id='word_1_6' title='bbox 1329 217 1413 282; x_wconf 75' lang='lat' dir='ltr'>iilic</span> 
     </span>
    </p>
   </div>
   <div class='ocr_carea' id='block_1_2' title="bbox 231 389 1436 4004">
    <p class='ocr_par' dir='ltr' id='par_1_2' title="bbox 312 389 1414 790">
     <span class='ocr_line' id='line_1_2' title="bbox 312 389 1412 480; baseline -0.006 -16"><span class='ocrx_word' id='word_1_7' title='bbox 312 407 373 474; x_wconf 91' lang='lat' dir='ltr'>est,</span> <span class='ocrx_word' id='word_1_8' title='bbox 389 396 559 480; x_wconf 88' lang='lat' dir='ltr'>proposita</span> <span class='ocrx_word' id='word_1_9' title='bbox 579 413 710 459; x_wconf 87' lang='lat' dir='ltr'>summa</span> <span class='ocrx_word' id='word_1_10' title='bbox 732 412 799 476; x_wconf 88' lang='lat' dir='ltr'>que</span> <span class='ocrx_word' id='word_1_11' title='bbox 820 392 967 477; x_wconf 82' lang='lat' dir='ltr'>exigitur</span> <span class='ocrx_word' id='word_1_12' title='bbox 988 401 1023 456; x_wconf 89' lang='lat' dir='ltr'>et</span> <span class='ocrx_word' id='word_1_13' title='bbox 1044 389 1226 476; x_wconf 81' lang='lat' dir='ltr'><strong>suppositis</strong></span> <span class='ocrx_word' id='word_1_14' title='bbox 1243 392 1287 457; x_wconf 87' lang='lat' dir='ltr'>ad</span> <span class='ocrx_word' id='word_1_15' title='bbox 1310 391 1412 457; x_wconf 91' lang='lat' dir='ltr'>colla·</span> 
     </span>
     <span class='ocr_line' id='line_1_3' title="bbox 312 495 1413 581; baseline -0.005 -15"><span class='ocrx_word' id='word_1_16' title='bbox 312 501 437 566; x_wconf 87' lang='lat' dir='ltr'>tionem</span> <span class='ocrx_word' id='word_1_17' title='bbox 464 499 533 564; x_wconf 90' lang='lat' dir='ltr'>eins</span> <span class='ocrx_word' id='word_1_18' title='bbox 558 498 623 563; x_wconf 85' lang='lat' dir='ltr'>hiis</span> <span class='ocrx_word' id='word_1_19' title='bbox 644 518 710 581; x_wconf 92' lang='lat' dir='ltr'>que</span> <span class='ocrx_word' id='word_1_20' title='bbox 731 497 840 562; x_wconf 84' lang='lat' dir='ltr'>soluta</span> <span class='ocrx_word' id='word_1_21' title='bbox 870 505 955 576; x_wconf 86' lang='lat' dir='ltr'>sunt,</span> <span class='ocrx_word' id='word_1_22' title='bbox 977 515 1036 579; x_wconf 91' lang='lat' dir='ltr'>per</span> <span class='ocrx_word' id='word_1_23' title='bbox 1058 495 1319 561; x_wconf 87' lang='lat' dir='ltr'><strong>subtractionem</strong></span> <span class='ocrx_word' id='word_1_24' title='bbox 1345 497 1413 561; x_wconf 91' lang='lat' dir='ltr'>dis·</span> 
     </span>
     <span class='ocr_line' id='line_1_4' title="bbox 313 598 1414 684; baseline -0.005 -14"><span class='ocrx_word' id='word_1_25' title='bbox 313 623 455 683; x_wconf 87' lang='lat' dir='ltr'>cernere,</span> <span class='ocrx_word' id='word_1_26' title='bbox 464 604 491 667; x_wconf 86' lang='lat' dir='ltr'>si</span> <span class='ocrx_word' id='word_1_27' title='bbox 503 601 708 668; x_wconf 77' lang='lat' dir='ltr'>satisfactum</span> <span class='ocrx_word' id='word_1_28' title='bbox 720 609 771 664; x_wconf 89' lang='lat' dir='ltr'>est</span> <span class='ocrx_word' id='word_1_29' title='bbox 781 599 833 665; x_wconf 91' lang='lat' dir='ltr'>vel</span> <span class='ocrx_word' id='word_1_30' title='bbox 845 599 872 662; x_wconf 92' lang='lat' dir='ltr'>si</span> <span class='ocrx_word' id='word_1_31' title='bbox 885 598 968 682; x_wconf 91' lang='lat' dir='ltr'>quid</span> <span class='ocrx_word' id='word_1_32' title='bbox 978 607 1091 664; x_wconf 84' lang='lat' dir='ltr'>restat.</span> <span class='ocrx_word' id='word_1_33' title='bbox 1133 598 1187 664; x_wconf 92' lang='lat' dir='ltr'>At</span> <span class='ocrx_word' id='word_1_34' title='bbox 1198 619 1275 664; x_wconf 89' lang='lat' dir='ltr'>cum</span> <span class='ocrx_word' id='word_1_35' title='bbox 1288 601 1414 684; x_wconf 83' lang='lat' dir='ltr'>ceperit</span> 
     </span>
     <span class='ocr_line' id='line_1_5' title="bbox 315 701 1414 790; baseline -0.002 -18"><span class='ocrx_word' id='word_1_36' title='bbox 315 705 492 790; x_wconf 87' lang='lat' dir='ltr'>multiplex</span> <span class='ocrx_word' id='word_1_37' title='bbox 520 705 688 789; x_wconf 87' lang='lat' dir='ltr'>inquisitio</span> <span class='ocrx_word' id='word_1_38' title='bbox 713 702 784 768; x_wconf 91' lang='lat' dir='ltr'>fieri</span> <span class='ocrx_word' id='word_1_39' title='bbox 814 705 857 768; x_wconf 92' lang='lat' dir='ltr'>de</span> <span class='ocrx_word' id='word_1_40' title='bbox 889 701 953 768; x_wconf 86' lang='lat' dir='ltr'>hiis</span> <span class='ocrx_word' id='word_1_41' title='bbox 983 703 1089 780; x_wconf 89' lang='lat' dir='ltr'>rebus,</span> <span class='ocrx_word' id='word_1_42' title='bbox 1115 723 1181 786; x_wconf 92' lang='lat' dir='ltr'>que</span> <span class='ocrx_word' id='word_1_43' title='bbox 1209 704 1299 770; x_wconf 89' lang='lat' dir='ltr'>varie</span> <span class='ocrx_word' id='word_1_44' title='bbox 1332 703 1414 770; x_wconf 88' lang='lat' dir='ltr'>fisco</span> 
     </span>
    </p>

    <p class='ocr_par' dir='ltr' id='par_1_3' title="bbox 286 805 1436 1306">
     <span class='ocr_line' id='line_1_6' title="bbox 286 805 1415 898; baseline -0.005 -22"><span class='ocrx_word' id='word_1_45' title='bbox 286 811 521 898; x_wconf 72' lang='lat' dir='ltr'>5proueuiunt,</span> <span class='ocrx_word' id='word_1_46' title='bbox 544 819 578 874; x_wconf 90' lang='lat' dir='ltr'>et</span> <span class='ocrx_word' id='word_1_47' title='bbox 600 808 738 874; x_wconf 87' lang='lat' dir='ltr'>diuersis</span> <span class='ocrx_word' id='word_1_48' title='bbox 760 805 868 872; x_wconf 88' lang='lat' dir='ltr'>modis</span> <span class='ocrx_word' id='word_1_49' title='bbox 901 806 1112 890; x_wconf 90' lang='lat' dir='ltr'>requiruntur</span> <span class='ocrx_word' id='word_1_50' title='bbox 1133 815 1168 872; x_wconf 92' lang='lat' dir='ltr'>et</span> <span class='ocrx_word' id='word_1_51' title='bbox 1196 829 1217 872; x_wconf 88' lang='lat' dir='ltr'>a</span> <span class='ocrx_word' id='word_1_52' title='bbox 1238 807 1415 874; x_wconf 89' lang='lat' dir='ltr'>vicecomi-</span> 
     </span>
     <span class='ocr_line' id='line_1_7' title="bbox 314 911 1415 994; baseline -0.002 -15"><span class='ocrx_word' id='word_1_53' title='bbox 314 915 404 980; x_wconf 89' lang='lat' dir='ltr'>tibus</span> <span class='ocrx_word' id='word_1_54' title='bbox 430 934 497 979; x_wconf 89' lang='lat' dir='ltr'>non</span> <span class='ocrx_word' id='word_1_55' title='bbox 520 913 638 978; x_wconf 91' lang='lat' dir='ltr'>eodem</span> <span class='ocrx_word' id='word_1_56' title='bbox 663 912 765 976; x_wconf 94' lang='lat' dir='ltr'>modo</span> <span class='ocrx_word' id='word_1_57' title='bbox 787 911 1031 994; x_wconf 87' lang='lat' dir='ltr'>perquiruntur,</span> <span class='ocrx_word' id='word_1_58' title='bbox 1050 912 1237 976; x_wconf 86' lang='lat' dir='ltr'>discernere</span> <span class='ocrx_word' id='word_1_59' title='bbox 1262 913 1289 976; x_wconf 93' lang='lat' dir='ltr'>si</span> <span class='ocrx_word' id='word_1_60' title='bbox 1319 932 1415 977; x_wconf 86' lang='lat' dir='ltr'>secus</span> 
     </span>
     <span class='ocr_line' id='line_1_8' title="bbox 315 1013 1416 1100; baseline -0.003 -16"><span class='ocrx_word' id='word_1_61' title='bbox 315 1017 442 1100; x_wconf 85' lang='lat' dir='ltr'>egerint</span> <span class='ocrx_word' id='word_1_62' title='bbox 462 1016 661 1100; x_wconf 86' lang='lat' dir='ltr'>quibusdam</span> <span class='ocrx_word' id='word_1_63' title='bbox 684 1031 785 1098; x_wconf 81' lang='lat' dir='ltr'>graue</span> <span class='ocrx_word' id='word_1_64' title='bbox 806 1023 857 1080; x_wconf 91' lang='lat' dir='ltr'>est</span> <span class='ocrx_word' id='word_1_65' title='bbox 879 1023 913 1079; x_wconf 89' lang='lat' dir='ltr'>et</span> <span class='ocrx_word' id='word_1_66' title='bbox 936 1015 981 1079; x_wconf 96' lang='lat' dir='ltr'>ob</span> <span class='ocrx_word' id='word_1_67' title='bbox 1002 1013 1066 1080; x_wconf 92' lang='lat' dir='ltr'>hoc</span> <span class='ocrx_word' id='word_1_68' title='bbox 1086 1015 1173 1080; x_wconf 85' lang='lat' dir='ltr'>circa</span> <span class='ocrx_word' id='word_1_69' title='bbox 1192 1015 1256 1081; x_wconf 91' lang='lat' dir='ltr'>hoc</span> <span class='ocrx_word' id='word_1_70' title='bbox 1277 1016 1416 1082; x_wconf 87' lang='lat' dir='ltr'>scientia</span> 
     </span>
     <span class='ocr_line' id='line_1_9' title="bbox 315 1117 1436 1186; baseline -0.001 0"><span class='ocrx_word' id='word_1_71' title='bbox 315 1121 470 1186; x_wconf 84' lang='lat' dir='ltr'>scaccarii</span> <span class='ocrx_word' id='word_1_72' title='bbox 485 1119 591 1184; x_wconf 89' lang='lat' dir='ltr'>maior</span> <span class='ocrx_word' id='word_1_73' title='bbox 613 1139 685 1184; x_wconf 89' lang='lat' dir='ltr'>esse</span> <span class='ocrx_word' id='word_1_74' title='bbox 703 1117 830 1183; x_wconf 90' lang='lat' dir='ltr'>dicitur.</span> <span class='ocrx_word' id='word_1_75' title='bbox 893 1117 1080 1183; x_wconf 91' lang='lat' dir='ltr'>Dubiorum</span> <span class='ocrx_word' id='word_1_76' title='bbox 1103 1137 1183 1182; x_wconf 90' lang='lat' dir='ltr'>vero</span> <span class='ocrx_word' id='word_1_77' title='bbox 1205 1119 1257 1184; x_wconf 91' lang='lat' dir='ltr'>vel</span> <span class='ocrx_word' id='word_1_78' title='bbox 1280 1120 1436 1185; x_wconf 59' lang='lat' dir='ltr'>dubita·</span> 
     </span>
     <span class='ocr_line' id='line_1_10' title="bbox 316 1221 1415 1306; baseline 0 -18"><span class='ocrx_word' id='word_1_79' title='bbox 316 1223 397 1288; x_wconf 93' lang='lat' dir='ltr'>lium</span> <span class='ocrx_word' id='word_1_80' title='bbox 427 1223 545 1288; x_wconf 89' lang='lat' dir='ltr'>iudicia</span> <span class='ocrx_word' id='word_1_81' title='bbox 571 1243 635 1306; x_wconf 91' lang='lat' dir='ltr'>que</span> <span class='ocrx_word' id='word_1_82' title='bbox 661 1221 849 1305; x_wconf 85' lang='lat' dir='ltr'>frequenter</span> <span class='ocrx_word' id='word_1_83' title='bbox 878 1231 1050 1306; x_wconf 85' lang='lat' dir='ltr'>emergunt</span> <span class='ocrx_word' id='word_1_84' title='bbox 1071 1223 1134 1287; x_wconf 88' lang='lat' dir='ltr'>sub</span> <span class='ocrx_word' id='word_1_85' title='bbox 1158 1243 1224 1286; x_wconf 89' lang='lat' dir='ltr'>vna</span> <span class='ocrx_word' id='word_1_86' title='bbox 1252 1233 1415 1288; x_wconf 86' lang='lat' dir='ltr'>tractatus</span> 
     </span>
    </p>

    <p class='ocr_par' dir='ltr' id='par_1_4' title="bbox 274 1325 1418 1706">
     <span class='ocr_line' id='line_1_11' title="bbox 274 1325 1416 1410; baseline -0.001 -18"><span class='ocrx_word' id='word_1_87' title='bbox 274 1357 304 1395; x_wconf 88' lang='lat'>10</span> <span class='ocrx_word' id='word_1_88' title='bbox 316 1328 400 1392; x_wconf 89' lang='lat' dir='ltr'>serie</span> <span class='ocrx_word' id='word_1_89' title='bbox 414 1325 650 1410; x_wconf 87' lang='lat' dir='ltr'>comprehendi</span> <span class='ocrx_word' id='word_1_90' title='bbox 661 1345 728 1390; x_wconf 90' lang='lat' dir='ltr'>non</span> <span class='ocrx_word' id='word_1_91' title='bbox 739 1325 850 1390; x_wconf 90' lang='lat' dir='ltr'>valent</span> <span class='ocrx_word' id='word_1_92' title='bbox 862 1325 940 1409; x_wconf 90' lang='lat' dir='ltr'>quia</span> <span class='ocrx_word' id='word_1_93' title='bbox 951 1345 1012 1390; x_wconf 90' lang='lat' dir='ltr'>nec</span> <span class='ocrx_word' id='word_1_94' title='bbox 1023 1325 1103 1390; x_wconf 92' lang='lat' dir='ltr'>dum</span> <span class='ocrx_word' id='word_1_95' title='bbox 1116 1326 1226 1392; x_wconf 89' lang='lat' dir='ltr'>omnia</span> <span class='ocrx_word' id='word_1_96' title='bbox 1237 1327 1416 1392; x_wconf 90' lang='lat' dir='ltr'>dubiorum</span> 
     </span>
     <span class='ocr_line' id='line_1_12' title="bbox 316 1427 1417 1516; baseline 0.002 -22"><span class='ocrx_word' id='word_1_97' title='bbox 316 1451 439 1516; x_wconf 86' lang='lat' dir='ltr'>genera</span> <span class='ocrx_word' id='word_1_98' title='bbox 459 1431 493 1496; x_wconf 89' lang='lat' dir='ltr'>in</span> <span class='ocrx_word' id='word_1_99' title='bbox 515 1429 621 1496; x_wconf 92' lang='lat' dir='ltr'>lucem</span> <span class='ocrx_word' id='word_1_100' title='bbox 644 1429 846 1514; x_wconf 87' lang='lat' dir='ltr'>prodierunt.</span> <span class='ocrx_word' id='word_1_101' title='bbox 892 1427 1046 1512; x_wconf 85' lang='lat' dir='ltr'>Quedam</span> <span class='ocrx_word' id='word_1_102' title='bbox 1068 1439 1180 1494; x_wconf 86' lang='lat' dir='ltr'>tamen</span> <span class='ocrx_word' id='word_1_103' title='bbox 1202 1450 1247 1494; x_wconf 87' lang='lat' dir='ltr'>ex</span> <span class='ocrx_word' id='word_1_104' title='bbox 1268 1431 1417 1514; x_wconf 83' lang='lat' dir='ltr'>hiisque</span> 
     </span>
     <span class='ocr_line' id='line_1_13' title="bbox 317 1532 1418 1618; baseline 0.001 -19"><span class='ocrx_word' id='word_1_105' title='bbox 317 1534 488 1618; x_wconf 85' lang='lat' dir='ltr'>proposita</span> <span class='ocrx_word' id='word_1_106' title='bbox 513 1533 565 1598; x_wconf 91' lang='lat' dir='ltr'>vel</span> <span class='ocrx_word' id='word_1_107' title='bbox 595 1533 816 1598; x_wconf 90' lang='lat' dir='ltr'>determinata</span> <span class='ocrx_word' id='word_1_108' title='bbox 841 1533 1058 1616; x_wconf 76' lang='lat' dir='ltr'>cognocimus</span> <span class='ocrx_word' id='word_1_109' title='bbox 1078 1533 1146 1598; x_wconf 89' lang='lat' dir='ltr'>suis</span> <span class='ocrx_word' id='word_1_110' title='bbox 1175 1532 1256 1599; x_wconf 92' lang='lat' dir='ltr'>locis</span> <span class='ocrx_word' id='word_1_111' title='bbox 1282 1533 1418 1600; x_wconf 84' lang='lat' dir='ltr'>inferius</span> 
     </span>
     <span class='ocr_line' id='line_1_14' title="bbox 316 1639 557 1706; baseline -0.033 0"><span class='ocrx_word' id='word_1_112' title='bbox 316 1639 557 1706; x_wconf 85' lang='lat' dir='ltr'>annotabimus.</span> 
     </span>
    </p>

    <p class='ocr_par' dir='ltr' id='par_1_5' title="bbox 360 1739 1418 1825">
     <span class='ocr_line' id='line_1_15' title="bbox 360 1739 1418 1825; baseline 0.003 -20"><span class='ocrx_word' id='word_1_113' title='bbox 360 1740 558 1825; x_wconf 83' lang='lat' dir='ltr'>Discipulus.</span> <span class='ocrx_word' id='word_1_114' title='bbox 603 1739 694 1824; x_wconf 86' lang='lat' dir='ltr'>Quid</span> <span class='ocrx_word' id='word_1_115' title='bbox 725 1749 776 1805; x_wconf 86' lang='lat' dir='ltr'>est</span> <span class='ocrx_word' id='word_1_116' title='bbox 812 1739 911 1806; x_wconf 90' lang='lat' dir='ltr'>huius</span> <span class='ocrx_word' id='word_1_117' title='bbox 944 1749 1014 1806; x_wconf 86' lang='lat' dir='ltr'>lam</span> <span class='ocrx_word' id='word_1_118' title='bbox 1052 1741 1246 1808; x_wconf 83' lang='lat' dir='ltr'>excellentis</span> <span class='ocrx_word' id='word_1_119' title='bbox 1282 1743 1418 1809; x_wconf 83' lang='lat' dir='ltr'>sessoris</span> 
     </span>
    </p>

    <p class='ocr_par' dir='ltr' id='par_1_6' title="bbox 282 1845 485 1939">
     <span class='ocr_line' id='line_1_16' title="bbox 282 1845 485 1939; baseline -0.015 -27"><span class='ocrx_word' id='word_1_120' title='bbox 282 1897 306 1939; x_wconf 69' lang='lat' dir='ltr'>v</span> <span class='ocrx_word' id='word_1_121' title='bbox 319 1845 485 1912; x_wconf 85' lang='lat' dir='ltr'>officium?</span> 
     </span>
    </p>

    <p class='ocr_par' dir='ltr' id='par_1_7' title="bbox 283 1946 1419 2033">
     <span class='ocr_line' id='line_1_17' title="bbox 283 1946 1419 2033; baseline 0.004 -22"><span class='ocrx_word' id='word_1_122' title='bbox 283 1963 308 2011; x_wconf 80' lang='grc' dir='ltr'>Α</span> <span class='ocrx_word' id='word_1_123' title='bbox 363 1949 539 2032; x_wconf 72' lang='lat' dir='ltr'>Magister.</span> <span class='ocrx_word' id='word_1_124' title='bbox 583 1946 688 2013; x_wconf 91' lang='lat' dir='ltr'>Aliud</span> <span class='ocrx_word' id='word_1_125' title='bbox 704 1948 813 2014; x_wconf 88' lang='lat' dir='ltr'>verius</span> <span class='ocrx_word' id='word_1_126' title='bbox 828 1948 964 2016; x_wconf 86' lang='lat' dir='ltr'>attribui</span> <span class='ocrx_word' id='word_1_127' title='bbox 983 1949 1045 2015; x_wconf 86' lang='lat' dir='ltr'>sibi</span> <span class='ocrx_word' id='word_1_128' title='bbox 1062 1969 1128 2015; x_wconf 90' lang='lat' dir='ltr'>non</span> <span class='ocrx_word' id='word_1_129' title='bbox 1145 1949 1234 2016; x_wconf 89' lang='lat' dir='ltr'>valet</span> <span class='ocrx_word' id='word_1_130' title='bbox 1249 1950 1311 2016; x_wconf 88' lang='lat' dir='ltr'>nisi</span> <span class='ocrx_word' id='word_1_131' title='bbox 1326 1951 1419 2033; x_wconf 91' lang='lat' dir='ltr'>quod</span> 
     </span>
    </p>

    <p class='ocr_par' dir='ltr' id='par_1_8' title="bbox 277 2041 1419 2344">
     <span class='ocr_line' id='line_1_18' title="bbox 277 2041 1418 2137; baseline -0.001 -17"><span class='ocrx_word' id='word_1_132' title='bbox 277 2041 474 2120; x_wconf 83' lang='lat' dir='ltr'>1⁵0mnibus</span> <span class='ocrx_word' id='word_1_133' title='bbox 493 2071 559 2134; x_wconf 89' lang='lat' dir='ltr'>que</span> <span class='ocrx_word' id='word_1_134' title='bbox 581 2052 614 2116; x_wconf 92' lang='lat' dir='ltr'>in</span> <span class='ocrx_word' id='word_1_135' title='bbox 636 2052 789 2118; x_wconf 84' lang='lat' dir='ltr'>inferiore</span> <span class='ocrx_word' id='word_1_136' title='bbox 811 2051 864 2116; x_wconf 92' lang='lat' dir='ltr'>vel</span> <span class='ocrx_word' id='word_1_137' title='bbox 886 2053 1053 2137; x_wconf 89' lang='lat' dir='ltr'>superiore</span> <span class='ocrx_word' id='word_1_138' title='bbox 1074 2053 1237 2120; x_wconf 87' lang='lat' dir='ltr'>scaccario</span> <span class='ocrx_word' id='word_1_139' title='bbox 1259 2053 1342 2119; x_wconf 86' lang='lat' dir='ltr'>fiunt</span> <span class='ocrx_word' id='word_1_140' title='bbox 1363 2053 1418 2120; x_wconf 89' lang='lat' dir='ltr'>hic</span> 
     </span>
     <span class='ocr_line' id='line_1_19' title="bbox 319 2155 1418 2241; baseline 0.001 -21"><span class='ocrx_word' id='word_1_141' title='bbox 319 2156 478 2240; x_wconf 90' lang='lat' dir='ltr'>prospicit</span> <span class='ocrx_word' id='word_1_142' title='bbox 493 2167 526 2221; x_wconf 94' lang='lat' dir='ltr'>et</span> <span class='ocrx_word' id='word_1_143' title='bbox 541 2155 585 2220; x_wconf 93' lang='lat' dir='ltr'>ad</span> <span class='ocrx_word' id='word_1_144' title='bbox 600 2165 718 2220; x_wconf 91' lang='lat' dir='ltr'>nutum</span> <span class='ocrx_word' id='word_1_145' title='bbox 733 2155 836 2238; x_wconf 89' lang='lat' dir='ltr'>ipsius</span> <span class='ocrx_word' id='word_1_146' title='bbox 855 2155 1001 2238; x_wconf 92' lang='lat' dir='ltr'>quelibet</span> <span class='ocrx_word' id='word_1_147' title='bbox 1016 2157 1124 2228; x_wconf 89' lang='lat' dir='ltr'>officia</span> <span class='ocrx_word' id='word_1_148' title='bbox 1143 2157 1292 2224; x_wconf 89' lang='lat' dir='ltr'>subiecta</span> <span class='ocrx_word' id='word_1_149' title='bbox 1306 2158 1418 2241; x_wconf 85' lang='lat' dir='ltr'>dispo·</span> 
     </span>
     <span class='ocr_line' id='line_1_20' title="bbox 319 2259 1419 2344; baseline 0.003 -20"><span class='ocrx_word' id='word_1_150' title='bbox 319 2269 465 2340; x_wconf 89' lang='lat' dir='ltr'>nuntur;</span> <span class='ocrx_word' id='word_1_151' title='bbox 503 2259 550 2326; x_wconf 90' lang='lat' dir='ltr'>sic</span> <span class='ocrx_word' id='word_1_152' title='bbox 576 2267 689 2324; x_wconf 88' lang='lat' dir='ltr'>tamen</span> <span class='ocrx_word' id='word_1_153' title='bbox 713 2268 751 2324; x_wconf 92' lang='lat' dir='ltr'>vt</span> <span class='ocrx_word' id='word_1_154' title='bbox 780 2259 824 2324; x_wconf 92' lang='lat' dir='ltr'>ad</span> <span class='ocrx_word' id='word_1_155' title='bbox 854 2259 984 2324; x_wconf 92' lang='lat' dir='ltr'>domini</span> <span class='ocrx_word' id='word_1_156' title='bbox 1009 2261 1096 2344; x_wconf 87' lang='lat' dir='ltr'>regis</span> <span class='ocrx_word' id='word_1_157' title='bbox 1125 2259 1302 2328; x_wconf 85' lang='lat' dir='ltr'>utilitatem</span> <span class='ocrx_word' id='word_1_158' title='bbox 1333 2261 1419 2326; x_wconf 87' lang='lat' dir='ltr'>iuste</span> 
     </span>
    </p>

    <p class='ocr_par' dir='ltr' id='par_1_9' title="bbox 276 2361 1419 2653">
     <span class='ocr_line' id='line_1_21' title="bbox 276 2361 1419 2448; baseline 0.004 -23"><span class='ocrx_word' id='word_1_159' title='bbox 276 2389 307 2426; x_wconf 64' lang='grc' dir='ltr'>πο</span> <span class='ocrx_word' id='word_1_160' title='bbox 320 2363 527 2448; x_wconf 89' lang='lat' dir='ltr'>proueniant.</span> <span class='ocrx_word' id='word_1_161' title='bbox 587 2361 662 2428; x_wconf 91' lang='lat' dir='ltr'>Hoc</span> <span class='ocrx_word' id='word_1_162' title='bbox 692 2373 806 2428; x_wconf 89' lang='lat' dir='ltr'>tamen</span> <span class='ocrx_word' id='word_1_163' title='bbox 837 2364 922 2428; x_wconf 92' lang='lat' dir='ltr'>inter</span> <span class='ocrx_word' id='word_1_164' title='bbox 952 2373 1060 2430; x_wconf 90' lang='lat' dir='ltr'>cetera</span> <span class='ocrx_word' id='word_1_165' title='bbox 1088 2365 1219 2430; x_wconf 88' lang='lat' dir='ltr'>videtur</span> <span class='ocrx_word' id='word_1_166' title='bbox 1251 2365 1419 2431; x_wconf 87' lang='lat' dir='ltr'>excellens</span> 
     </span>
     <span class='ocr_line' id='line_1_22' title="bbox 319 2466 1419 2553; baseline 0.002 -21"><span class='ocrx_word' id='word_1_167' title='bbox 319 2468 410 2552; x_wconf 91' lang='lat' dir='ltr'>quod</span> <span class='ocrx_word' id='word_1_168' title='bbox 436 2473 549 2550; x_wconf 89' lang='lat' dir='ltr'>potest</span> <span class='ocrx_word' id='word_1_169' title='bbox 575 2466 628 2532; x_wconf 91' lang='lat' dir='ltr'>hic</span> <span class='ocrx_word' id='word_1_170' title='bbox 654 2466 716 2531; x_wconf 91' lang='lat' dir='ltr'>sub</span> <span class='ocrx_word' id='word_1_171' title='bbox 743 2466 933 2531; x_wconf 88' lang='lat' dir='ltr'>testimonio</span> <span class='ocrx_word' id='word_1_172' title='bbox 962 2488 1023 2532; x_wconf 90' lang='lat' dir='ltr'>suo</span> <span class='ocrx_word' id='word_1_173' title='bbox 1053 2469 1153 2533; x_wconf 90' lang='lat' dir='ltr'>breue</span> <span class='ocrx_word' id='word_1_174' title='bbox 1179 2467 1306 2532; x_wconf 91' lang='lat' dir='ltr'>domini</span> <span class='ocrx_word' id='word_1_175' title='bbox 1332 2469 1419 2553; x_wconf 83' lang='lat' dir='ltr'>regis</span> 
     </span>
     <span class='ocr_line' id='line_1_23' title="bbox 319 2569 1419 2653; baseline 0.001 -18"><span class='ocrx_word' id='word_1_176' title='bbox 319 2571 428 2636; x_wconf 84' lang='lat' dir='ltr'>facere</span> <span class='ocrx_word' id='word_1_177' title='bbox 452 2569 520 2635; x_wconf 84' lang='lat' dir='ltr'>fieri</span> <span class='ocrx_word' id='word_1_178' title='bbox 543 2577 579 2634; x_wconf 90' lang='lat' dir='ltr'>vt</span> <span class='ocrx_word' id='word_1_179' title='bbox 604 2570 648 2634; x_wconf 89' lang='lat' dir='ltr'>de</span> <span class='ocrx_word' id='word_1_180' title='bbox 670 2569 825 2636; x_wconf 88' lang='lat' dir='ltr'>thesauro</span> <span class='ocrx_word' id='word_1_181' title='bbox 855 2570 1002 2653; x_wconf 89' lang='lat' dir='ltr'>quelibet</span> <span class='ocrx_word' id='word_1_182' title='bbox 1025 2589 1157 2637; x_wconf 77' lang='lat' dir='ltr'>summa</span> <span class='ocrx_word' id='word_1_183' title='bbox 1178 2571 1343 2650; x_wconf 87' lang='lat' dir='ltr'>liberetur,</span> <span class='ocrx_word' id='word_1_184' title='bbox 1365 2572 1419 2636; x_wconf 91' lang='lat' dir='ltr'>vel</span> 
     </span>
    </p>

    <p class='ocr_par' dir='ltr' id='par_1_10' title="bbox 231 2672 1420 2862">
     <span class='ocr_line' id='line_1_24' title="bbox 231 2672 1420 2760; baseline 0 -20"><span class='ocrx_word' id='word_1_185' title='bbox 231 2715 237 2726; x_wconf 90' lang='lat'><strong>·</strong></span> <span class='ocrx_word' id='word_1_186' title='bbox 320 2686 356 2740; x_wconf 91' lang='lat' dir='ltr'>vt</span> <span class='ocrx_word' id='word_1_187' title='bbox 377 2683 588 2758; x_wconf 88' lang='lat' dir='ltr'>computetur</span> <span class='ocrx_word' id='word_1_188' title='bbox 612 2672 708 2740; x_wconf 92' lang='lat' dir='ltr'>alicui</span> <span class='ocrx_word' id='word_1_189' title='bbox 738 2675 827 2758; x_wconf 94' lang='lat' dir='ltr'>quod</span> <span class='ocrx_word' id='word_1_190' title='bbox 849 2674 912 2739; x_wconf 93' lang='lat' dir='ltr'>sibi</span> <span class='ocrx_word' id='word_1_191' title='bbox 939 2695 984 2739; x_wconf 89' lang='lat' dir='ltr'>ex</span> <span class='ocrx_word' id='word_1_192' title='bbox 1004 2675 1130 2740; x_wconf 88' lang='lat' dir='ltr'>domini</span> <span class='ocrx_word' id='word_1_193' title='bbox 1151 2676 1237 2760; x_wconf 85' lang='lat' dir='ltr'>regis</span> <span class='ocrx_word' id='word_1_194' title='bbox 1260 2677 1420 2742; x_wconf 89' lang='lat' dir='ltr'>mandato</span> 
     </span>
     <span class='ocr_line' id='line_1_25' title="bbox 321 2777 1419 2862; baseline 0.002 -20"><span class='ocrx_word' id='word_1_195' title='bbox 321 2779 511 2862; x_wconf 90' lang='lat' dir='ltr'>prenouerit</span> <span class='ocrx_word' id='word_1_196' title='bbox 526 2779 799 2862; x_wconf 86' lang='lat' dir='ltr'>computandum,</span> <span class='ocrx_word' id='word_1_197' title='bbox 815 2777 867 2842; x_wconf 93' lang='lat' dir='ltr'>vel</span> <span class='ocrx_word' id='word_1_198' title='bbox 883 2779 911 2842; x_wconf 91' lang='lat' dir='ltr'>si</span> <span class='ocrx_word' id='word_1_199' title='bbox 927 2777 1080 2845; x_wconf 90' lang='lat' dir='ltr'>maluerit</span> <span class='ocrx_word' id='word_1_200' title='bbox 1094 2779 1195 2844; x_wconf 90' lang='lat' dir='ltr'>breue</span> <span class='ocrx_word' id='word_1_201' title='bbox 1210 2799 1307 2844; x_wconf 90' lang='lat' dir='ltr'>suum</span> <span class='ocrx_word' id='word_1_202' title='bbox 1322 2780 1419 2844; x_wconf 80' lang='lat' dir='ltr'>saciet</span> 
     </span>
    </p>

    <p class='ocr_par' dir='ltr' id='par_1_11' title="bbox 277 2881 1008 2956">
     <span class='ocr_line' id='line_1_26' title="bbox 277 2881 1008 2956; baseline 0.008 -14"><span class='ocrx_word' id='word_1_203' title='bbox 277 2906 306 2956; x_wconf 82' lang='lat'>25</span> <span class='ocrx_word' id='word_1_204' title='bbox 321 2881 384 2948; x_wconf 91' lang='lat' dir='ltr'>sub</span> <span class='ocrx_word' id='word_1_205' title='bbox 399 2881 540 2946; x_wconf 91' lang='lat' dir='ltr'>aliorum</span> <span class='ocrx_word' id='word_1_206' title='bbox 556 2881 749 2946; x_wconf 88' lang='lat' dir='ltr'>testimonio</span> <span class='ocrx_word' id='word_1_207' title='bbox 764 2883 808 2946; x_wconf 91' lang='lat' dir='ltr'>de</span> <span class='ocrx_word' id='word_1_208' title='bbox 821 2881 886 2946; x_wconf 86' lang='lat' dir='ltr'>hiis</span> <span class='ocrx_word' id='word_1_209' title='bbox 901 2883 1008 2948; x_wconf 88' lang='lat' dir='ltr'>rebus.</span> 
     </span>
    </p>

    <p class='ocr_par' dir='ltr' id='par_1_12' title="bbox 321 2984 1420 3382">
     <span class='ocr_line' id='line_1_27' title="bbox 364 2984 1420 3072; baseline 0.002 -24"><span class='ocrx_word' id='word_1_210' title='bbox 364 2984 560 3068; x_wconf 59' lang='lat' dir='ltr'>Discipulus.</span> <span class='ocrx_word' id='word_1_211' title='bbox 616 2984 762 3069; x_wconf 86' lang='lat' dir='ltr'>Magnus</span> <span class='ocrx_word' id='word_1_212' title='bbox 773 2994 826 3051; x_wconf 92' lang='lat' dir='ltr'>est</span> <span class='ocrx_word' id='word_1_213' title='bbox 840 2985 894 3050; x_wconf 89' lang='lat' dir='ltr'>hic</span> <span class='ocrx_word' id='word_1_214' title='bbox 909 2986 1004 3050; x_wconf 86' lang='lat' dir='ltr'>cuius</span> <span class='ocrx_word' id='word_1_215' title='bbox 1025 2985 1102 3050; x_wconf 89' lang='lat' dir='ltr'>fidei</span> <span class='ocrx_word' id='word_1_216' title='bbox 1117 2987 1221 3052; x_wconf 88' lang='lat' dir='ltr'>totius</span> <span class='ocrx_word' id='word_1_217' title='bbox 1236 2985 1326 3072; x_wconf 84' lang='lat' dir='ltr'>regni</span> <span class='ocrx_word' id='word_1_218' title='bbox 1342 3006 1420 3052; x_wconf 91' lang='lat' dir='ltr'>cura</span> 
     </span>
     <span class='ocr_line' id='line_1_28' title="bbox 321 3089 1419 3176; baseline 0 -22"><span class='ocrx_word' id='word_1_219' title='bbox 321 3091 423 3155; x_wconf 90' lang='lat' dir='ltr'>immo</span> <span class='ocrx_word' id='word_1_220' title='bbox 438 3099 473 3156; x_wconf 87' lang='lat' dir='ltr'>et</span> <span class='ocrx_word' id='word_1_221' title='bbox 484 3109 540 3156; x_wconf 92' lang='lat' dir='ltr'>cor</span> <span class='ocrx_word' id='word_1_222' title='bbox 555 3089 642 3174; x_wconf 86' lang='lat' dir='ltr'>regis</span> <span class='ocrx_word' id='word_1_223' title='bbox 651 3089 879 3155; x_wconf 89' lang='lat' dir='ltr'>committitur.</span> <span class='ocrx_word' id='word_1_224' title='bbox 925 3089 1093 3175; x_wconf 88' lang='lat' dir='ltr'>Scriptum</span> <span class='ocrx_word' id='word_1_225' title='bbox 1108 3091 1232 3176; x_wconf 87' lang='lat' dir='ltr'>quippe</span> <span class='ocrx_word' id='word_1_226' title='bbox 1247 3101 1298 3156; x_wconf 90' lang='lat' dir='ltr'>est</span> <span class='ocrx_word' id='word_1_227' title='bbox 1311 3115 1321 3156; x_wconf 79' lang='lat' dir='ltr'>r</span> <span class='ocrx_word' id='word_1_228' title='bbox 1343 3091 1419 3156; x_wconf 84' lang='lat' dir='ltr'>‘vbi</span> 
     </span>
     <span class='ocr_line' id='line_1_29' title="bbox 322 3193 1420 3278; baseline 0 -18"><span class='ocrx_word' id='word_1_229' title='bbox 322 3203 373 3260; x_wconf 88' lang='lat' dir='ltr'>est</span> <span class='ocrx_word' id='word_1_230' title='bbox 391 3193 564 3259; x_wconf 86' lang='lat' dir='ltr'>thesaurus</span> <span class='ocrx_word' id='word_1_231' title='bbox 584 3202 661 3258; x_wconf 91' lang='lat' dir='ltr'>tuus</span> <span class='ocrx_word' id='word_1_232' title='bbox 681 3193 727 3258; x_wconf 92' lang='lat' dir='ltr'>ibi</span> <span class='ocrx_word' id='word_1_233' title='bbox 746 3203 797 3259; x_wconf 89' lang='lat' dir='ltr'>est</span> <span class='ocrx_word' id='word_1_234' title='bbox 815 3203 848 3258; x_wconf 90' lang='lat' dir='ltr'>et</span> <span class='ocrx_word' id='word_1_235' title='bbox 866 3213 924 3260; x_wconf 89' lang='lat' dir='ltr'>cor</span> <span class='ocrx_word' id='word_1_236' title='bbox 941 3193 1056 3259; x_wconf 68' lang='lat' dir='ltr'>tuum!</span> <span class='ocrx_word' id='word_1_237' title='bbox 1111 3193 1171 3260; x_wconf 88' lang='lat' dir='ltr'>Set</span> <span class='ocrx_word' id='word_1_238' title='bbox 1186 3195 1252 3260; x_wconf 91' lang='lat' dir='ltr'>iam</span> <span class='ocrx_word' id='word_1_239' title='bbox 1268 3195 1296 3260; x_wconf 89' lang='lat' dir='ltr'>si</span> <span class='ocrx_word' id='word_1_240' title='bbox 1311 3193 1420 3278; x_wconf 85' lang='lat' dir='ltr'>placet</span> 
     </span>
     <span class='ocr_line' id='line_1_30' title="bbox 322 3297 723 3382; baseline -0.005 -20"><span class='ocrx_word' id='word_1_241' title='bbox 322 3317 521 3382; x_wconf 87' lang='lat' dir='ltr'>prosequere</span> <span class='ocrx_word' id='word_1_242' title='bbox 535 3299 579 3363; x_wconf 91' lang='lat' dir='ltr'>de</span> <span class='ocrx_word' id='word_1_243' title='bbox 595 3297 723 3362; x_wconf 87' lang='lat' dir='ltr'>ceteris.</span> 
     </span>
    </p>

    <p class='ocr_par' dir='ltr' id='par_1_13' title="bbox 277 3399 1420 3589">
     <span class='ocr_line' id='line_1_31' title="bbox 277 3399 1420 3486; baseline 0.007 -25"><span class='ocrx_word' id='word_1_244' title='bbox 277 3425 310 3472; x_wconf 76' lang='lat'>30</span> <span class='ocrx_word' id='word_1_245' title='bbox 366 3400 542 3484; x_wconf 82' lang='lat' dir='ltr'>Magister.</span> <span class='ocrx_word' id='word_1_246' title='bbox 585 3401 645 3468; x_wconf 83' lang='lat' dir='ltr'>vis</span> <span class='ocrx_word' id='word_1_247' title='bbox 674 3421 855 3485; x_wconf 89' lang='lat' dir='ltr'>prosequar</span> <span class='ocrx_word' id='word_1_248' title='bbox 884 3401 927 3468; x_wconf 88' lang='lat' dir='ltr'>de</span> <span class='ocrx_word' id='word_1_249' title='bbox 964 3399 1044 3486; x_wconf 87' lang='lat' dir='ltr'>ipsis</span> <span class='ocrx_word' id='word_1_250' title='bbox 1081 3402 1261 3468; x_wconf 88' lang='lat' dir='ltr'>secundum</span> <span class='ocrx_word' id='word_1_251' title='bbox 1298 3403 1420 3486; x_wconf 84' lang='lat' dir='ltr'>gradus</span> 
     </span>
     <span class='ocr_line' id='line_1_32' title="bbox 323 3504 1213 3589; baseline -0.001 -18"><span class='ocrx_word' id='word_1_252' title='bbox 323 3504 523 3589; x_wconf 83' lang='lat' dir='ltr'>dignitatum</span> <span class='ocrx_word' id='word_1_253' title='bbox 540 3524 583 3568; x_wconf 89' lang='lat' dir='ltr'>an</span> <span class='ocrx_word' id='word_1_254' title='bbox 598 3505 780 3570; x_wconf 85' lang='lat' dir='ltr'>secundum</span> <span class='ocrx_word' id='word_1_255' title='bbox 796 3505 1047 3589; x_wconf 87' lang='lat' dir='ltr'>dispositionem</span> <span class='ocrx_word' id='word_1_256' title='bbox 1063 3506 1213 3571; x_wconf 86' lang='lat' dir='ltr'>sedium?</span> 
     </span>
    </p>

    <p class='ocr_par' dir='ltr' id='par_1_14' title="bbox 323 3607 1421 3901">
     <span class='ocr_line' id='line_1_33' title="bbox 366 3607 1421 3692; baseline -0.002 -18"><span class='ocrx_word' id='word_1_257' title='bbox 366 3607 562 3692; x_wconf 62' lang='lat' dir='ltr'>Discipulus.</span> <span class='ocrx_word' id='word_1_258' title='bbox 608 3607 798 3674; x_wconf 87' lang='lat' dir='ltr'>Secundum</span> <span class='ocrx_word' id='word_1_259' title='bbox 821 3609 911 3692; x_wconf 92' lang='lat' dir='ltr'>quod</span> <span class='ocrx_word' id='word_1_260' title='bbox 934 3609 1073 3692; x_wconf 90' lang='lat' dir='ltr'>quisque</span> <span class='ocrx_word' id='word_1_261' title='bbox 1099 3610 1228 3674; x_wconf 90' lang='lat' dir='ltr'>ratione</span> <span class='ocrx_word' id='word_1_262' title='bbox 1249 3607 1349 3675; x_wconf 89' lang='lat' dir='ltr'>officii</span> <span class='ocrx_word' id='word_1_263' title='bbox 1371 3609 1421 3673; x_wconf 89' lang='lat' dir='ltr'>sui</span> 
     </span>
     <span class='ocr_line' id='line_1_34' title="bbox 323 3697 1421 3797; baseline -0.003 -18"><span class='ocrx_word' id='word_1_264' title='bbox 323 3712 436 3779; x_wconf 90' lang='lat' dir='ltr'>sedem</span> <span class='ocrx_word' id='word_1_265' title='bbox 454 3713 597 3797; x_wconf 88' lang='lat' dir='ltr'>adeptus</span> <span class='ocrx_word' id='word_1_266' title='bbox 618 3697 678 3778; x_wconf 81' lang='lat' dir='ltr'>est.</span> <span class='ocrx_word' id='word_1_267' title='bbox 724 3711 837 3778; x_wconf 91' lang='lat' dir='ltr'>Facile</span> <span class='ocrx_word' id='word_1_268' title='bbox 859 3711 946 3776; x_wconf 90' lang='lat' dir='ltr'>enirn</span> <span class='ocrx_word' id='word_1_269' title='bbox 967 3712 1039 3792; x_wconf 83' lang='lat' dir='ltr'>erit,</span> <span class='ocrx_word' id='word_1_270' title='bbox 1057 3722 1094 3778; x_wconf 90' lang='lat' dir='ltr'>vt</span> <span class='ocrx_word' id='word_1_271' title='bbox 1116 3713 1225 3794; x_wconf 87' lang='lat' dir='ltr'>credo,</span> <span class='ocrx_word' id='word_1_272' title='bbox 1239 3733 1284 3777; x_wconf 86' lang='lat' dir='ltr'>ex</span> <span class='ocrx_word' id='word_1_273' title='bbox 1307 3713 1421 3778; x_wconf 89' lang='lat' dir='ltr'>officiis</span> 
     </span>
     <span class='ocr_line' id='line_1_35' title="bbox 323 3815 731 3901; baseline 0.007 -23"><span class='ocrx_word' id='word_1_274' title='bbox 323 3817 528 3901; x_wconf 88' lang='lat' dir='ltr'>perpendere</span> <span class='ocrx_word' id='word_1_275' title='bbox 542 3815 731 3900; x_wconf 86' lang='lat' dir='ltr'>dignitates.</span> 
     </span>
    </p>

    <p class='ocr_par' dir='ltr' id='par_1_15' title="bbox 280 3918 1421 4004">
     <span class='ocr_line' id='line_1_36' title="bbox 280 3918 1421 4004; baseline 0 -18"><span class='ocrx_word' id='word_1_276' title='bbox 280 3935 309 3986; x_wconf 75' lang='lat'>³5</span> <span class='ocrx_word' id='word_1_277' title='bbox 368 3919 542 4002; x_wconf 76' lang='lat' dir='ltr'>Magister.</span> <span class='ocrx_word' id='word_1_278' title='bbox 588 3918 637 3986; x_wconf 91' lang='lat' dir='ltr'>Vt</span> <span class='ocrx_word' id='word_1_279' title='bbox 657 3919 788 3986; x_wconf 88' lang='lat' dir='ltr'>noueris</span> <span class='ocrx_word' id='word_1_280' title='bbox 810 3939 878 4004; x_wconf 91' lang='lat' dir='ltr'>quo</span> <span class='ocrx_word' id='word_1_281' title='bbox 898 3920 1012 3985; x_wconf 90' lang='lat' dir='ltr'>ordine</span> <span class='ocrx_word' id='word_1_282' title='bbox 1031 3919 1262 4004; x_wconf 89' lang='lat' dir='ltr'>disponantur,</span> <span class='ocrx_word' id='word_1_283' title='bbox 1274 3920 1359 3986; x_wconf 86' lang='lat' dir='ltr'>scias</span> <span class='ocrx_word' id='word_1_284' title='bbox 1378 3921 1421 3986; x_wconf 86' lang='lat' dir='ltr'>ad</span> 
     </span>
    </p>
   </div>
   <div class='ocr_carea' id='block_1_3' title="bbox 325 4123 1428 4342">
    <p class='ocr_par' dir='ltr' id='par_1_16' title="bbox 325 4123 1428 4342">
     <span class='ocr_line' id='line_1_37' title="bbox 363 4123 1423 4200; baseline -0.004 -16"><span class='ocrx_word' id='word_1_285' title='bbox 363 4139 410 4198; x_wconf 82' lang='lat'>1-5</span> <span class='ocrx_word' id='word_1_286' title='bbox 430 4127 467 4182; x_wconf 87' lang='lat' dir='ltr'>ad</span> <span class='ocrx_word' id='word_1_287' title='bbox 480 4126 675 4186; x_wconf 88' lang='lat' dir='ltr'>collationem.</span> <span class='ocrx_word' id='word_1_288' title='bbox 690 4126 908 4200; x_wconf 87' lang='lat' dir='ltr'>..requiruntur</span> <span class='ocrx_word' id='word_1_289' title='bbox 916 4123 962 4181; x_wconf 85' lang='lat' dir='ltr'>N·</span> <span class='ocrx_word' id='word_1_290' title='bbox 1027 4141 1044 4196; x_wconf 88' lang='lat'>3</span> <span class='ocrx_word' id='word_1_291' title='bbox 1056 4126 1125 4183; x_wconf 85' lang='lat' dir='ltr'>satis</span> <span class='ocrx_word' id='word_1_292' title='bbox 1136 4125 1214 4182; x_wconf 83' lang='lat' dir='ltr'>oll&#39;m</span> <span class='ocrx_word' id='word_1_293' title='bbox 1222 4127 1250 4180; x_wconf 84' lang='lat' dir='ltr'><em>R</em></span> <span class='ocrx_word' id='word_1_294' title='bbox 1315 4139 1331 4194; x_wconf 91' lang='lat'><em>7</em></span> <span class='ocrx_word' id='word_1_295' title='bbox 1349 4125 1423 4181; x_wconf 85' lang='lat' dir='ltr'>circa</span> 
     </span>
     <span class='ocr_line' id='line_1_38' title="bbox 325 4196 1423 4266; baseline -0.005 -11"><span class='ocrx_word' id='word_1_296' title='bbox 325 4201 378 4255; x_wconf 90' lang='lat' dir='ltr'>hec</span> <span class='ocrx_word' id='word_1_297' title='bbox 391 4199 425 4255; x_wconf 92' lang='grc' dir='ltr'><em>Ν</em></span> <span class='ocrx_word' id='word_1_298' title='bbox 481 4197 758 4256; x_wconf 80' lang='lat' dir='ltr'>8dubitabiliumN</span> <span class='ocrx_word' id='word_1_299' title='bbox 815 4213 847 4253; x_wconf 87' lang='lat'>10</span> <span class='ocrx_word' id='word_1_300' title='bbox 864 4197 1038 4252; x_wconf 88' lang='lat' dir='ltr'>omniumN</span> <span class='ocrx_word' id='word_1_301' title='bbox 1091 4212 1122 4266; x_wconf 88' lang='lat'>17</span> <span class='ocrx_word' id='word_1_302' title='bbox 1136 4198 1164 4253; x_wconf 91' lang='lat' dir='ltr'>in</span> <span class='ocrx_word' id='word_1_303' title='bbox 1173 4214 1227 4252; x_wconf 85' lang='lat' dir='ltr'>om.</span> <span class='ocrx_word' id='word_1_304' title='bbox 1235 4197 1295 4253; x_wconf 89' lang='lat' dir='ltr'>NR</span> <span class='ocrx_word' id='word_1_305' title='bbox 1340 4196 1423 4252; x_wconf 84' lang='lat' dir='ltr'>luerit</span> 
     </span>
     <span class='ocr_line' id='line_1_39' title="bbox 325 4267 1428 4342; baseline -0.005 -15"><span class='ocrx_word' id='word_1_306' title='bbox 325 4271 384 4327; x_wconf 90' lang='lat' dir='ltr'>NR</span> <span class='ocrx_word' id='word_1_307' title='bbox 438 4268 642 4341; x_wconf 83' lang='lat' dir='ltr'>22quilibetN</span> <span class='ocrx_word' id='word_1_308' title='bbox 694 4267 854 4342; x_wconf 79' lang='lat' dir='ltr'>27quippe]</span> <span class='ocrx_word' id='word_1_309' title='bbox 867 4269 976 4326; x_wconf 85' lang='lat' dir='ltr'>enimC</span> <span class='ocrx_word' id='word_1_310' title='bbox 1026 4269 1200 4326; x_wconf 36' lang='lat' dir='ltr'>28et*om.C</span> <span class='ocrx_word' id='word_1_311' title='bbox 1247 4267 1428 4338; x_wconf 84' lang='lat' dir='ltr'>33officioN</span> 
     </span>
    </p>
   </div>
   <div class='ocr_carea' id='block_1_4' title="bbox 0 0 1622 4864">
    <p class='ocr_par' dir='ltr' id='par_1_17' title="bbox 0 0 1622 4864">
     <span class='ocr_line' id='line_1_40' title="bbox 0 0 1622 4864; baseline 0 0"><span class='ocrx_word' id='word_1_312' title='bbox 0 0 1622 4864; x_wconf 95' lang='lat' dir='ltr'> </span> 
     </span>
    </p>
   </div>
  </div>
 </body>
</html>
