3228 4868
190 269 314 364 rna]
560 269 923 343 nascaccnmo
1229 291 1289 342 101

193 449 403 516 manifestum
426 455 486 526 est,
504 446 675 532 presertim
698 465 773 512 cum
796 445 842 510 sic
864 445 972 512 modis
994 446 1156 526 omnibus,
1171 458 1208 513 vt
1230 451 1292 514 sibi

192 554 413 634 consulerent,
426 553 470 618 de
488 561 600 619 cetero
616 551 751 617 studere
767 559 957 616 tenerentur
972 551 1103 617 deuotis
1122 552 1290 636 obsequiis

193 657 405 722 dominorum
426 677 561 722 suorum
582 655 723 740 gratiam
744 655 910 720 emercari.
957 653 1013 720 Sic
1028 655 1129 739 igitur
1142 656 1291 741 quisquis

191 762 237 827 de
265 771 365 846 gente
391 761 528 828 subacta
554 757 675 826 fundos
699 757 753 823 vel
779 757 905 841 aliquid
926 756 1113 825 huiusmodi
1135 761 1292 844 possidet,

195 884 263 932 non
277 865 368 948 quod
385 865 511 930 ratione
525 862 740 930 successionis
754 863 867 928 deberi
884 861 945 927 sibi
960 863 1135 929 videbatur
1149 865 1291 950 adeptus
1305 889 1320 940 5

196 979 258 1050 est,
275 979 327 1036 set
341 969 433 1053 quod
445 967 666 1047 solummodo,
677 965 803 1032 meritis
813 967 881 1032 suis
892 966 1103 1052 exigentibus
1114 967 1168 1032 vel
1181 969 1292 1053 aliqua

195 1073 348 1158 pactione
364 1072 612 1150 interueniente,
625 1070 781 1136 obtinuit.

238 1177 435 1260 Discrpulus.
480 1174 572 1259 Quid
587 1175 631 1240 sit
646 1175 830 1240 centuriata
843 1173 896 1240 vel
907 1174 1114 1240 hundredum
1132 1197 1198 1242 non
1214 1178 1292 1242 satis

190 1301 281 1348 nour.

237 1385 413 1467 Magrster.
458 1381 592 1450 Sustine
612 1381 789 1460 modicum,
805 1381 888 1446 scies
906 1388 1024 1466 postea
1043 1380 1118 1447 loco
1135 1405 1197 1449 suo
1214 1378 1291 1472 [hoc
1306 1406 1337 1447 ιο

195 1499 246 1554 est
271 1488 306 1553 in
330 1487 430 1553 titulo
455 1487 499 1553 de
522 1485 609 1552 libro
630 1483 822 1568 iudiciario}
867 1485 965 1550 Nunc
987 1504 1226 1570 prosequamur
1249 1489 1291 1553 de

194 1591 381 1677 danegeldo
392 1602 436 1669 et,
447 1600 484 1657 vt
498 1591 583 1657 ratio
593 1589 734 1656 nominis
745 1589 804 1654 tibi
816 1598 956 1666 constet,
965 1587 1133 1673 paulisper
1143 1593 1290 1659 aduerte.

322 1694 458 1762 ‘Insula
472 1703 586 1761 nostra
600 1693 667 1760 suis
685 1703 843 1760 contenta
860 1693 966 1768 bonis,
981 1694 1162 1776 peregrinis
1304 1671 1340 1800 ἲ

345 1796 425 1862 Νοιι
443 1806 530 1880 eget,
543 1795 630 1860 hanc
647 1794 746 1879 igitur
760 1793 876 1858 merito
894 1793 1010 1858 dixere
1025 1793 1150 1875 priores

345 1899 546 1984 Diuitiisque
559 1898 667 1964 sinum
683 1897 871 1981 deliciisque
884 1895 1008 1964 larem!

196 2005 334 2088 Propter
356 2005 420 2070 hoc
443 2005 631 2068 innumeras
654 2003 699 2068 ab
721 2005 846 2068 exteris
866 2004 996 2071 iniurias
1019 2027 1116 2090 passa
1137 1991 1292 2090 estquia

193 2110 354 2192 scriptum
369 2117 419 2175 est
435 2109 577 2172 ‘Furem
592 2107 736 2190 pretiosa
750 2107 882 2190 signata
892 2109 1087 2178 sollicitant’
1144 2111 1291 2180 Circum·

194 2213 370 2279 iacentium
389 2212 477 2278 enim
493 2209 674 2276 insularum
696 2212 868 2294 predones,
884 2213 1065 2298 irruptione
1081 2215 1178 2296 facta,
1192 2215 1290 2280 mari·

193 2317 276 2382 tima
304 2315 555 2400 depopulantes,
575 2335 705 2393 aurum,
726 2325 900 2399 argentum
926 2327 961 2383 et
989 2338 1121 2403 queque
1146 2319 1291 2403 pretiosa

192 2421 365 2487 tollebant.
409 2421 535 2486 Verum
550 2439 626 2485 cum
644 2441 704 2485 rex
719 2429 753 2485 et
770 2421 922 2506 indigene
937 2422 1062 2489 bellicis
1076 2422 1291 2507 apparatibus
1306 2445 1337 2481 ιο

194 2525 343 2592 instructi
368 2525 485 2594 issue
507 2523 615 2609 gentis
641 2523 866 2590 defensionem
895 2525 1065 2606 instarent,
1086 2525 1133 2591 illi
1156 2523 1291 2610 ‘fugas’

193 2629 471 2714 aggrediebantur
485 2624 686 2712 ‘equoreas'
722 2629 815 2694 Inter
828 2629 890 2695 hos
902 2631 1015 2713 itaque
1029 2651 1114 2714 pene
1127 2631 1291 2715 precipua,

194 2741 228 2798 et
242 2753 373 2818 semper
387 2733 518 2816 pronior
531 2732 576 2798 ad
591 2733 789 2811 nocendum,
803 2743 873 2799 erat
887 2732 1042 2800 bellicosa
1057 2735 1115 2799 illa
1132 2743 1166 2800 et
1184 2755 1291 2820 popu-

191 2835 265 2902 losa
280 2857 362 2920 gens
377 2836 554 2915 Dacorum,
568 2836 626 2920 qui
641 2847 753 2920 preter
771 2857 982 2902 communem
998 2847 1169 2920 raptorum
1184 2839 1291 2902 auari-

192 2941 276 3005 tiam
291 2941 396 3005 acrius
418 2939 594 3020 instabant,
609 2939 688 3022 quia
709 2938 835 3022 aliquid
857 2940 920 3005 sibi
942 2942 986 3006 de
1007 2942 1145 3025 antiquo
1167 2941 1237 3006 iure
1257 2941 1291 3004 in
1306 2959 1337 3012 25

193 3043 341 3109 eiusdem
371 3043 464 3126 regni
493 3043 719 3109 dominatione
748 3044 979 3123 vendicabant,
1004 3045 1089 3110 sicut
1116 3044 1290 3109 Britonum

191 3145 320 3230 plenius
335 3158 445 3213 narrat
458 3147 604 3214 historia.
647 3146 707 3213 Ad
729 3147 791 3213 hos
813 3147 913 3231 igitur
932 3148 1093 3214 arcendos
1115 3169 1136 3214 a
1158 3148 1291 3232 regibus

190 3249 346 3337 Anglicis
360 3261 523 3318 statutum
536 3261 587 3316 est
597 3259 635 3316 vt
645 3252 689 3316 de
699 3249 837 3335 singulis
851 3250 937 3316 hidis
951 3253 1053 3335 regni,
1064 3251 1134 3317 iure
1144 3252 1290 3335 quodam

191 3365 364 3439 perpetuo,
385 3356 453 3421 duo
475 3355 569 3420 solidi
591 3355 740 3440 argentei
761 3354 967 3420 soluerentur
988 3357 1022 3420 in
1043 3376 1123 3422 vsus
1144 3355 1289 3422 virorum

190 3457 334 3538 fortium,
355 3459 413 3542 qui
435 3457 673 3543 perlustrantes
698 3468 733 3524 et
754 3458 873 3542 iugiter
897 3459 1103 3526 excubantes
1126 3461 1291 3524 maritima
1305 3477 1337 3529 30

189 3560 352 3646 impetum
381 3563 526 3629 hostiurn
556 3563 781 3647 reprimerent.
826 3561 914 3646 Quia
938 3564 1039 3648 igitur
1068 3563 1290 3648 principaliter

190 3689 253 3754 pro
264 3667 366 3734 Dacis
381 3668 554 3734 institutus
565 3677 615 3734 est
626 3667 680 3733 hic
695 3667 853 3748 redditus,
865 3667 1099 3752 Danegeldum
1110 3667 1162 3734 vel
1178 3669 1290 3733 Dane-

190 3771 309 3857 geldus
323 3773 452 3840 dicitur.
498 3771 566 3838 Hic
581 3771 682 3854 igitur
696 3791 805 3836 annua
820 3770 901 3855 lege,
913 3770 998 3838 sicut
1013 3772 1214 3851 dictumest,
1229 3773 1292 3838 sub

189 3877 353 3962 indigenis
363 3875 494 3962 regibus
505 3875 695 3941 soluebatur
705 3896 809 3959 vsque
820 3876 863 3942 ad
875 3885 1025 3958 tempora
1035 3876 1121 3960 regis
1131 3875 1290 3942 Willelmi

190 3981 288 4066 primi
311 3981 353 4045 de
374 3991 477 4066 gente
498 3990 532 4046 et
553 3999 673 4066 genere
697 3980 975 4046 Normannorum.
1036 3981 1116 4065 Ipso
1145 4001 1290 4064 namque
1304 3997 1337 4050 35

227 4184 262 4227 ιο
278 4165 345 4239 hoc]
358 4170 403 4226 vel
413 4169 442 4224 R
553 4181 583 4226 11
604 4171 729 4241 support
738 4167 810 4224 libro
821 4168 887 4226 add.
901 4169 938 4227 C:
957 4169 1112 4242 sedpostea
1124 4169 1292 4225 cancellam't

189 4254 223 4312 23
242 4241 281 4298 ad
292 4239 451 4297 nocendum
463 4239 616 4312 proniorC
717 4240 862 4308 27n0c1t
976 4253 1008 4312 35
1021 4239 1063 4314 et]
1076 4239 1292 4298 inRsedcorr·

188 4318 249 4372 exit
312 4316 381 4385 post
397 4313 502 4370 etadd.
515 4312 590 4371 deC
