3228 4868
189 275 301 370 1vic]
551 281 621 348 DE
642 279 920 350 SCACCARIO
1249 285 1291 370 83

188 451 349 518 ‘sennua
370 450 434 517 hiis
450 449 498 516 ibi
520 451 564 518 ad
585 449 804 520 scaccarium'
850 453 984 520 Horum
1004 461 1119 520 autem
1141 453 1291 520 omnium

188 557 340 623 breuium
368 556 530 640 rescripta
558 577 662 642 penes
690 557 885 625 tamdictum
913 557 1069 625 clericum
1098 559 1291 625 residebunt

185 658 224 725 in
241 661 471 726 testimonium
494 659 658 728 sactorum
681 661 842 751 breuium.
885 660 1073 747 ‘originalia
1090 661 1178 726 enim
1200 683 1292 729 com·

189 773 385 850 putatorum
399 763 454 830 vel
467 766 728 851 perdonatorum
737 767 853 834 breuia
867 765 981 832 forulis
992 765 1187 845 marescalli,
1196 766 1290 834 iactis

188 869 425 936 vicecomitum
438 871 617 954 compotis,
630 870 853 952 includuntur,
862 873 905 938 de
917 879 1040 950 cetero,
1050 870 1110 936 nisi
1120 871 1318 944 contentios

187 974 232 1038 de
247 973 297 1040 eis
313 974 449 1053 oriatur,
469 995 536 1039 non
557 976 764 1059 exponenda
817 974 921 1060 Quod
939 984 1053 1042 autern
1072 975 1116 1040 de
1135 974 1290 1043 breuibus

187 1077 277 1160 regis
291 1063 433 1144 dicimus
454 1077 707 1162 intelligendum
722 1088 774 1146 est
788 1079 937 1146 similiter
951 1079 995 1146 de
1014 1077 1170 1146 breuibus
1186 1079 1289 1163 presi-

186 1178 299 1246 dentis
318 1180 487 1246 iusticiarii
514 1189 647 1248 tanturn
662 1201 741 1248 cum
758 1203 819 1248 rex
837 1183 958 1250 absens
973 1191 1025 1250 est
1047 1191 1083 1248 et
1100 1199 1176 1250 cum
1190 1181 1290 1267 sigilli

187 1284 261 1350 eius
276 1283 492 1367 impressione
512 1285 583 1351 iura
603 1286 695 1371 regni
709 1295 908 1364 statuuntur,
925 1296 961 1352 et
979 1305 1078 1354 cause
1098 1287 1240 1370 citantur
1253 1294 1290 1349 vt

187 1387 455 1454 condemnentur
479 1386 532 1454 vel
554 1387 771 1456 absoluantur
795 1389 854 1474 qui
878 1397 1042 1455 vocantur
1068 1389 1114 1455 ad
1143 1389 1336 1464 curiam31o

188 1501 338 1558 ceterum
360 1491 442 1556 dum
464 1512 526 1557 rex
555 1492 588 1558 in
610 1513 713 1578 regno
733 1492 858 1578 Anglie
879 1492 977 1558 suerit
998 1493 1114 1558 breuia
1138 1492 1290 1560 scaccarii

189 1595 326 1661 nomine
354 1597 447 1680 regio
476 1593 557 1661 fient
584 1597 649 1662 sub
681 1595 831 1663 eiusdem
860 1596 1056 1681 presidentis
1085 1606 1120 1662 et
1152 1595 1290 1662 alicuius

188 1697 325 1763 alterius
346 1697 460 1782 magni
479 1699 684 1766 testimonio.
721 1699 807 1786 Quis
825 1709 939 1767 sutem
959 1701 1004 1767 sit
1022 1710 1120 1766 tenor
1138 1699 1289 1765 breuium

187 1801 322 1869 illorum
345 1822 411 1886 que
432 1803 707 1871 summonitiones
726 1805 880 1872 dicuntur
902 1803 1032 1890 plenius
1053 1802 1138 1869 inira
1160 1803 1290 1870 dicetur

189 1905 226 1970 in
242 1905 343 1972 titulo
357 1905 400 1970 de
412 1905 737 1974 summonitionibus
1305 1923 1334 1977 ¹⁵

230 2009 378 2076 Clericus
389 2011 573 2076 cancellarii
582 2011 640 2095 qui
649 2011 727 2077 huic
737 2011 911 2096 proximus
923 2009 1143 2087 estlieetnon
1152 2013 1324 2096 proprioc

187 2114 249 2178 sed
268 2113 378 2178 alieno
398 2114 534 2180 nomine
556 2113 684 2194 militet,
703 2116 834 2199 magnis
855 2125 969 2181 tumen
992 2123 1176 2200 occupatur
1197 2125 1232 2182 et
1254 2115 1289 2180 in

190 2216 297 2282 multa
311 2217 515 2302 distrahitur,
529 2219 615 2284 adeo
629 2228 666 2286 vt
678 2218 723 2284 ab
737 2218 811 2303 ipso
826 2218 918 2283 initio
933 2228 1169 2304 compotorum
1185 2239 1289 2304 usque

187 2322 232 2388 ad
249 2320 350 2386 finem
364 2320 442 2386 inde
452 2321 552 2387 nuelli
567 2342 634 2392 non
647 2323 762 2406 possit,
777 2323 840 2387 nisi
852 2321 937 2390 forte
947 2323 1028 2388 dum
1043 2323 1109 2390 eibi
1124 2324 1289 2410 propitius

189 2433 243 2491 est
267 2425 449 2491 substituto
474 2424 607 2491 interim
636 2425 699 2492 sibi
728 2425 874 2493 discreto
902 2425 1033 2492 vicario.
1078 2425 1169 2492 Huic
1199 2427 1287 2494 enim
1302 2452 1334 2488 ιο

190 2529 300 2615 prima
312 2549 393 2596 cura
412 2537 463 2595 est
482 2539 560 2613 post
578 2528 819 2598 thesaurarium
836 2529 871 2594 in
891 2528 954 2594 hiis
973 2529 1128 2596 omnibus
1142 2550 1207 2616 que
1221 2531 1287 2597 illic

188 2643 358 2719 geruntur,
379 2631 526 2698 maxime
543 2641 657 2698 tamen
671 2633 759 2698 circa
777 2632 962 2698 rotulorum
975 2651 1017 2699 sc
1035 2631 1184 2700 breuium
1208 2633 1288 2700 scn-

188 2745 333 2821 pturam,
347 2737 380 2800 in
395 2736 461 2802 hiis
475 2735 562 2802 enim
578 2736 735 2820 precipue
748 2744 917 2816 versatur3

255 2847 264 2877 ‘
278 2841 367 2906 Nam
382 2859 424 2905 ne
439 2839 524 2905 lorte
537 2839 588 2904 sui
600 2838 748 2905 calamus
761 2839 930 2924 scriptoris
943 2837 1076 2905 aberret

278 2943 439 3031 Prospicit
452 2943 508 3010 hic
524 2942 626 3010 alium
640 2943 789 3026 sequitur
801 2944 883 3009 dum
898 2943 1050 3030 passibus
1064 2941 1177 3028 equis?
1301 2977 1332 3029 ²5

233 3048 321 3118 Item
347 3049 402 3116 hic
426 3049 573 3114 intuetur
595 3047 772 3134 diligenter
800 3047 935 3115 alterius
956 3049 1034 3114 anui
1054 3049 1201 3114 rotulum
1224 3048 1287 3114 sibi

187 3153 398 3240 propositum
413 3154 519 3220 donec
530 3173 552 3218 a
565 3152 760 3219 vicecomite
773 3151 981 3220 satisfactum
997 3151 1094 3218 luerit
1110 3153 1154 3218 de
1168 3153 1288 3220 debitis

186 3255 249 3322 hiis
263 3276 330 3341 que
348 3255 414 3322 illic
433 3265 637 3323 annotantur
654 3265 693 3322 et
710 3258 754 3322 de
772 3256 893 3340 quibus
913 3267 1153 3322 summonetur.
1199 3256 1286 3322 Item

187 3361 353 3428 residente
375 3360 572 3427 vicecomite
591 3361 637 3426 ad
658 3370 862 3446 compotum,
885 3359 1085 3446 computatis
1109 3367 1143 3426 et
1164 3360 1288 3444 scripto

186 3465 357 3550 deputatis
376 3465 524 3549 hiisque
544 3463 726 3531 constituta
745 3472 824 3530 sunt
841 3463 876 3528 ln
897 3465 1066 3546 comitatu,
1080 3465 1181 3532 breue
1198 3485 1287 3530 sum·
1300 3495 1333 3548 ³0

186 3569 388 3650 moniti0nis,
402 3569 456 3635 cui
474 3569 561 3653 regis
575 3567 721 3652 sigillum
738 3587 922 3654 appensum
936 3577 998 3647 est,
1013 3568 1150 3653 suscipit
1163 3590 1186 3636 a
1200 3567 1287 3634 vice-

186 3672 310 3738 comite
339 3681 374 3738 et
403 3673 447 3738 de
482 3671 546 3737 hiis
574 3671 694 3738 debitis
722 3691 789 3756 que
826 3671 892 3738 illic
925 3671 1049 3756 scripta
1084 3681 1164 3766 sunt
1191 3683 1287 3758 vrget

185 3775 413 3842 vicecomitem
428 3777 650 3859 pronuncians
665 3775 699 3840 in
720 3775 888 3860 publicum
903 3785 937 3841 ct
954 3776 1077 3855 dicens,
1091 3775 1230 3843 ‘Redde
1244 3776 1288 3841 de

185 3877 251 3944 hoc
265 3887 400 3945 tantum
416 3880 508 3944 etde
523 3877 581 3943 illo
594 3874 747 3945 tantum)
792 3877 917 3945 Debita
933 3898 1012 3946 vero
1030 3899 1098 3962 que
1113 3879 1287 3946 soluuntur

185 3979 220 4046 in
250 3981 418 4066 integrum
444 3989 479 4046 et
500 3980 544 4046 de
565 3979 685 4064 quibus
707 3979 835 4059 satisfit,
856 3980 1016 4047 cancellet
1037 3981 1125 4048 idern
1152 3983 1287 4052 clericus
1299 4015 1329 4068 35

184 4083 274 4152 linet
287 4085 391 4151 ducta
405 4103 465 4169 per
480 4083 684 4168 mediumve
698 4085 743 4152 sit
757 4085 927 4152 distinctio
938 4105 998 4170 per
1008 4085 1073 4154 hoc
1087 4087 1190 4154 etiam
1201 4089 1287 4154 inter

186 4233 383 4318 'rs-fiuntc
435 4234 613 4318 1,7eto·m.R
667 4235 1130 4320 19-20prop.estom.NperIac.
1179 4237 1284 4293 nosibi

185 4315 299 4362 rutenm
310 4305 370 4361 NR
425 4305 557 4363 discretio
568 4306 616 4362 N:
635 4304 792 4364 decretoR
842 4304 959 4379 30qu
972 4307 1066 4378 qurN
1116 4307 1193 4379 sunt]
1206 4309 1289 4368 estc
