3228 4868
333 303 376 391 9⁶
705 307 772 372 aa
797 305 1072 376 scnccnaro
1294 303 1323 398 [1
1339 309 1435 376 vias

335 477 590 544 summationem
620 479 762 546 termino
787 479 894 544 sancti
923 478 1094 546 Michaelis
1124 480 1291 547 reseruari.
1345 479 1434 547 Cum

335 583 435 667 igitur
455 581 612 666 possibile
629 583 682 664 sit,
703 583 806 648 immo
824 595 858 649 et
878 582 1066 666 frequenter
1085 585 1265 668 contingat,
1288 583 1434 669 aliquem

333 708 379 752 ex
405 686 491 769 regis
517 687 676 753 mandato
702 687 735 752 in
765 688 909 754 termino
933 687 1060 754 Pasche
1080 690 1124 754 ad
1144 688 1208 756 hec
1229 691 1352 756 assumi
1374 691 1433 774 qui

335 791 367 856 in
381 790 524 856 termino
538 792 644 856 sancti
660 791 833 857 Michaelis
848 793 901 858 vel
916 789 975 857 sati
990 791 1103 858 debita
1119 793 1221 859 soluit
1234 794 1289 860 vel
1306 795 1349 860 ad
1366 795 1434 859 alia

304 895 425 978 sregni
447 894 580 978 negotia
605 896 766 961 mandato
780 897 866 978 regis
895 895 1089 962 transfertur
1110 897 1174 976 uel,
1199 899 1290 982 quod
1315 899 1433 963 lortius

361 999 537 1064 uibusdam
548 997 655 1064 visum
666 1008 727 1078 est,
742 1000 852 1066 medio
870 1011 1021 1085 tempore
1034 1001 1173 1088 principi
1187 1001 1294 1068 sactus
1309 1023 1433 1068 exosus

335 1111 406 1168 tam
421 1103 661 1168 excellentibus
680 1105 827 1187 negociis
842 1105 994 1188 indignus
1008 1105 1191 1185 iudicatur;
1215 1127 1318 1190 quero
1333 1107 1361 1172 si
1372 1099 1431 1191 qui

336 1207 368 1270 in
390 1207 534 1272 termino
557 1206 682 1273 Pasche
705 1209 837 1291 quietus
854 1219 905 1274 est
922 1229 989 1291 quo
1011 1229 1117 1292 pauca
1137 1209 1358 1276 terminantur
1381 1221 1433 1278 set

334 1311 447 1376 omnia
469 1332 528 1395 per
550 1311 703 1377 iteratam
725 1313 1015 1379 summonitionem
1045 1313 1252 1393 innouautur‚
1278 1314 1332 1380 hic
1353 1315 1431 1382 talis

288 1435 320 1473 ιο
335 1413 368 1478 in
391 1416 532 1480 termino
555 1415 660 1480 sancti
687 1414 858 1481 Michaelis
884 1415 1013 1482 absolui
1036 1427 1209 1491 mercatur¹
1232 1437 1309 1483 cum
1331 1418 1433 1482 etiam

336 1529 370 1585 et
401 1519 553 1586 scaccarii
586 1519 767 1586 sessionem
802 1531 837 1586 et
869 1521 977 1604 ipsam
1010 1521 1164 1605 principis
1196 1523 1339 1607 gratiam
1376 1522 1435 1587 de·

334 1623 497 1689 meruerit.

377 1727 553 1811 Magister.
598 1727 655 1794 Ad
679 1727 776 1794 huius
796 1729 979 1812 questionis
1002 1740 1131 1813 partem
1153 1739 1328 1812 vtramque
1353 1750 1435 1796 con·

336 1833 527 1898 struendam
540 1833 674 1916 copiosa
685 1832 820 1898 forsitan
832 1843 883 1898 est
894 1834 1059 1898 rationum
1071 1833 1227 1911 inventio,
1238 1845 1289 1899 set
1300 1835 1433 1900 noueris

287 1953 318 2007 15
335 1937 423 2021 regie
441 1935 664 2002 munificentie
687 1935 873 2002 libertatem
893 1949 970 2022 post
991 1936 1093 2002 semel
1113 1935 1277 2001 indultam
1299 1939 1435 2004 absolu·

332 2041 433 2106 tionis
461 2041 602 2125 gratiam
632 2041 733 2107 etiam
763 2061 839 2104 cum
869 2041 1008 2124 pecunie
1036 2041 1211 2125 dispendio
1241 2042 1274 2106 in
1302 2051 1433 2126 partem

178 2165 180 2169 ’
297 2143 502 2210 Fmeliorem
539 2165 671 2228 semper
708 2165 780 2209 esse
805 2145 1003 2228 proniorem.
1060 2144 1196 2228 Quippe
1232 2145 1346 2210 simrlis
1382 2155 1435 2210 est

334 2249 499 2314 donorum
532 2259 565 2312 et
595 2247 816 2331 perdonorum
841 2251 927 2332 regis
954 2248 1037 2312 ratio
1066 2257 1112 2323 vt,
1134 2249 1220 2313 sicut
1248 2250 1338 2314 dona
1362 2251 1434 2313 eius

332 2351 478 2417 reuocari
501 2351 554 2416 vel
577 2353 681 2436 repeti
704 2373 770 2416 non
793 2351 927 2431 debent,
943 2352 989 2417 sic
1012 2373 1071 2417 nec
1097 2353 1183 2436 regis
1205 2351 1352 2434 dimissa,
1367 2373 1435 2436 que

289 2456 434 2541 aovulgo
460 2457 644 2540 perdonata
669 2457 833 2534 dicuntur,
860 2465 1028 2540 nequeunt
1053 2456 1087 2520 in
1114 2456 1242 2521 irritum
1267 2457 1434 2523 deuocari.

336 2561 436 2626 Liber
451 2561 551 2644 igitur
568 2571 602 2625 et
620 2559 791 2626 absolutus
813 2561 840 2625 is
856 2571 907 2626 est
927 2561 960 2624 in
978 2559 1120 2626 termino
1140 2561 1435 2626 consummationis

331 2665 390 2750 qui
404 2685 601 2748 quocunque
617 2665 718 2730 modo
734 2665 768 2728 in
782 2665 972 2750 precedenti
988 2665 1108 2730 meruit
1123 2663 1261 2730 absolui.

378 2767 573 2850 Daetczjoulus.
619 2768 760 2832 Moueut
795 2789 849 2832 me
875 2769 1019 2851 quedam
1051 2787 1116 2852 que
1153 2769 1302 2851 predicta
1334 2779 1435 2846 sunt3

334 2872 442 2956 primo
468 2873 559 2955 quod
588 2872 670 2938 dicis
699 2871 826 2954 aliquid
856 2871 953 2936 alicui
983 2873 1106 2936 dimitti
1135 2873 1199 2937 sub
1228 2872 1293 2937 hoc
1318 2880 1436 2937 tenore

288 3003 320 3054 ²5
337 2975 510 3041 verborum
528 2975 586 3040 'ln
606 2977 761 3060 perdonis
782 2996 841 3060 per
860 2977 962 3041 breue
984 2976 1071 3058 regis
1092 2973 1137 3038 illi
1158 2975 1210 3040 vel
1232 2975 1278 3040 illi
1296 2976 1360 3040 hoc
1383 2975 1436 3040 vel

333 3077 436 3157 illud‚’
451 3101 527 3146 cum
543 3089 656 3145 tamen
671 3077 798 3144 nullum
814 3079 915 3145 breue
930 3079 1015 3162 regis
1029 3079 1229 3144 dimissionis
1244 3079 1435 3144 obtinuerit.

336 3183 415 3267 Quo
430 3185 534 3249 modo
549 3184 637 3249 enim
653 3182 722 3248 fieri
738 3195 851 3268 posset
865 3193 902 3248 vt
917 3183 965 3248 sic
983 3181 1066 3248 falsa
1081 3204 1147 3248 non
1166 3181 1436 3268 deprehendatur

334 3287 497 3370 scriptura
512 3287 611 3352 rotuli
628 3307 696 3353 non
710 3289 820 3352 video.

376 3392 551 3475 Magister.
595 3393 714 3458 Mouet
733 3403 775 3470 te,
790 3411 851 3456 uec
872 3391 1035 3466 inmerito,
1051 3391 1142 3474 quod
1161 3413 1217 3457 me
1231 3391 1288 3457 diu
1307 3391 1436 3471 mouit3

288 3521 321 3572 ³0
340 3505 450 3578 atque,
457 3505 494 3560 vt
509 3497 618 3575 credo,
629 3497 778 3561 nondum
794 3495 904 3580 patuit
919 3495 1073 3590 omnihus
1091 3495 1152 3561 hec
1168 3496 1328 3579 scripture
1343 3495 1438 3572 ratio,

335 3600 433 3676 vnde,
454 3599 530 3665 licet
547 3619 613 3664 non
631 3599 674 3664 sit
692 3619 849 3684 magnum
864 3599 957 3682 quod
975 3599 1070 3682 petis,
1086 3608 1235 3664 attamen
1255 3607 1308 3664 est
1325 3595 1435 3663 insoli-

333 3713 406 3769 tum
419 3714 453 3769 et
463 3704 595 3768 videtur
603 3704 785 3768 absurdum
796 3713 833 3767 vt
845 3723 904 3786 per
914 3702 1015 3768 breue
1025 3703 1111 3786 regis
1122 3703 1251 3768 dicatur
1260 3701 1434 3766 dimissum

333 3809 426 3890 quod
449 3807 518 3871 sine
540 3807 631 3871 breui
654 3827 785 3890 semper
802 3817 854 3870 est
875 3805 1122 3872 dimittendum.
1168 3806 1220 3870 Ea
1239 3813 1376 3890 propter
1392 3805 1438 3871 de

335 3910 397 3977 hac
426 3911 500 3996 ipsa
528 3909 689 3975 sollicitus
719 3909 766 3974 lui
796 3911 883 3976 circa
908 3910 1083 3974 dominum
1113 3907 1304 3992 Elyeusem,
1327 3908 1437 3974 virum

288 4037 320 4092 35
335 4015 448 4097 itaque
470 4013 568 4078 huius
587 4013 685 4078 officii
712 4013 957 4099 peritissimum,
979 4015 1072 4079 cuius
1097 4013 1258 4078 memoria
1279 4013 1313 4076 iu
1335 4014 1438 4078 bene-

336 4119 481 4184 dictione
496 4119 585 4183 sitin
601 4129 761 4184 eternum.
808 4117 875 4182 Hic
891 4117 1022 4182 illustris
1039 4117 1125 4184 illius
1143 4116 1334 4202 Anglorum
1350 4115 1438 4199 regis

371 4253 596 4310 aimmoom.C
660 4253 882 4323 7indignumR
943 4249 1045 4326 8qu0]
1060 4253 1161 4326 postC
1225 4249 1322 4324 9per]
1336 4249 1441 4324 postC

337 4339 369 4395 17
389 4324 500 4395 similis]
514 4324 597 4380 simul
612 4325 661 4378 N:
680 4325 808 4380 similiter
821 4325 848 4378 R
