3228 4868
192 317 266 386 uu
280 299 323 434 u]
520 351 523 358 -
564 317 631 384 na
653 314 927 387 scnccamo
1253 337 1293 407 91

191 489 297 555 etiam
326 486 410 554 libre
431 484 589 570 ponderis
610 485 849 572 respondentes
871 485 1033 564 soluisset,
1054 500 1296 573 consequenter

190 589 311 658 libram
329 590 483 656 soluisset
497 599 698 675 argenteam.
742 589 877 656 Poterat
891 591 981 656 enim
990 611 1095 676 cupro
1108 593 1162 658 vel
1176 594 1294 677 quouis

191 715 248 760 ere
263 695 406 760 mixtam
424 694 572 774 soluisse,
587 712 663 760 cum
684 712 751 759 non
766 693 860 760 fieret
875 695 1088 762 examinatio.
1132 695 1181 763 Vt
1195 699 1295 782 igitur

190 799 281 882 regie
302 797 400 864 simul
425 806 460 864 et
483 796 615 883 publice
641 797 871 882 prouideretur
892 797 1037 880 vtilitati,
1056 799 1174 866 habito
1195 821 1294 888 super

190 901 256 968 hoc
282 902 356 987 ipso
381 901 469 987 regis
497 899 646 982 consilio,
672 903 890 969 constitutum
916 912 968 970 eet
997 911 1035 970 vt
1060 901 1155 970 fieret
1176 907 1320 972 ordines

188 1007 339 1090 predicto
354 1004 451 1070 firme
465 1004 652 1071 combustio
665 1004 718 1072 vel
734 1005 946 1072 examinatio.

231 1109 434 1194 Discipulus.
478 1107 660 1194 Quomodo
675 1109 830 1194 publice?

231 1214 409 1298 Magister.
454 1211 607 1280 Sentiens
633 1213 723 1278 enim
744 1213 930 1281 vicecomes
953 1235 990 1280 se
1016 1216 1207 1300 pregrauari
1231 1237 1291 1301 per

186 1318 453 1386 combustionem
464 1315 636 1382 deterioris
648 1325 794 1394 monete,
809 1337 886 1384 cum
902 1317 1033 1384 firmam
1049 1329 1100 1386 est
1114 1319 1290 1398 soluturus,

187 1421 367 1487 sollicitam
382 1421 523 1487 adhibet
533 1419 741 1505 diligentiam
752 1429 789 1486 vt
805 1422 977 1488 monetarii
989 1423 1052 1488 sub
1066 1443 1107 1488 eo
1118 1423 1289 1490 constituti
1305 1435 1336 1474 ¹0

187 1523 273 1610 legis
290 1525 472 1591 constitute
489 1523 573 1589 fines
593 1543 660 1588 non
679 1525 856 1592 excedant.
901 1523 998 1610 Quos
1017 1545 1094 1592 cum
1109 1527 1288 1612 deprehen·

185 1627 273 1693 derit
286 1629 334 1695 sic
349 1629 532 1712 puniuntur
546 1635 584 1692 vt
599 1646 714 1694 eorum
729 1628 888 1712 exernplo
903 1629 1004 1694 ceteri
1017 1638 1210 1697 terreantur.

229 1731 428 1816 Discipulus.
471 1731 643 1816 Numquid
673 1732 717 1798 de
751 1733 906 1798 omnibus
942 1734 1156 1800 comitatibus
1192 1733 1290 1801 firma

185 1835 305 1904 blanca
319 1837 405 1903 solui
419 1836 521 1902 debet
534 1835 588 1902 vel
602 1836 808 1903 examinatio
825 1836 919 1902 lieri?

228 1939 406 2024 Magister.
451 1939 542 2005 Non.
586 1938 655 2006 Sed
673 1940 730 2024 qui
751 1942 794 2005 de
813 1941 951 2026 antiquo
970 1941 1041 2007 iure
1060 1961 1181 2008 corone
1198 1941 1287 2026 regie
1299 1960 1329 2013 τε

184 2045 443 2110 annominantur
456 2044 504 2110 sic
518 2043 662 2110 soluuut
708 2043 777 2128 Qui
790 2063 870 2111 vero
889 2063 948 2128 per
962 2045 1143 2112 incidentes
1157 2045 1287 2131 aliquos

184 2167 282 2213 casus
314 2146 509 2214 infiscantur
540 2147 613 2214 solo
645 2168 782 2214 numero
817 2147 1032 2228 satisfaciunt,
1064 2148 1181 2233 quales
1209 2159 1287 2215 sunt
1427 2190 1430 2197 ·

183 2249 363 2337 Salopscir,
386 2251 531 2330 Sudsex,
554 2251 848 2318 Norhumberland
877 2261 911 2318 et
935 2252 1170 2319 Cumberland.
1226 2253 1286 2318 Li·

182 2355 300 2421 bemm
331 2365 383 2422 est
415 2355 517 2422 etiam
551 2356 738 2423 vicecomiti
759 2365 797 2423 vt
825 2376 887 2443 pro
909 2355 1005 2422 firma
1032 2355 1151 2424 blanca
1176 2355 1287 2423 soluat

182 2460 367 2526 examinati
389 2459 518 2544 argenti
539 2459 689 2545 pondera
717 2459 821 2526 etsie
850 2460 987 2546 effugiat
1010 2461 1172 2526 iacturam
1194 2478 1285 2526 com·
1298 2479 1331 2517 πο

182 2563 357 2630 huntionis.
415 2562 471 2630 Sic
496 2569 610 2629 tamen
630 2571 669 2630 vt
700 2562 791 2630 fruor
811 2564 899 2648 regis
927 2565 1046 2630 eadem
1075 2563 1320 2649 suscipiendaE

181 2665 349 2733 decernat.
387 2665 505 2732 Habes
519 2667 621 2753 igitur
635 2667 727 2750 quod
742 2668 863 2752 petisti,
878 2667 1034 2751 aquibus
1049 2668 1175 2734 scilicet
1189 2677 1224 2734 et
1238 2667 1284 2735 ob

180 2789 284 2854 quam
298 2791 431 2836 causam
447 2771 601 2838 instituta
614 2769 714 2837 suerit
728 2771 945 2838 examinatio.

224 2873 423 2958 Dircipulas.
467 2873 577 2940 Video
597 2894 658 2959 per
671 2873 757 2942 hanc
775 2875 819 2941 ad
838 2874 984 2941 litteram
1002 2873 1175 2958 impletum
1190 2874 1282 2957 quod

178 2977 340 3062 scriptum
355 2986 416 3057 est,
448 2976 580 3062 ‘Quale
597 2979 694 3044 inerit
713 2978 873 3062 cuiusque
891 2999 976 3064 opus
997 2978 1083 3064 ignis
1107 2976 1281 3063 probabit’
1296 2993 1326 3047 τε

180 3080 250 3149 Sed
265 3081 332 3148 iam
345 3101 433 3148 nunc
446 3081 578 3167 placeat
592 3082 698 3166 ceptis
713 3081 873 3150 insistere.

224 3185 402 3269 Magum.
446 3185 534 3252 Fiat.
589 3182 805 3271 Consequens
827 3193 886 3266 est,
911 3194 949 3253 vt
969 3184 1078 3263 credo,
1098 3185 1281 3251 secundum

179 3289 342 3373 disposite
364 3289 503 3356 rationis
524 3289 686 3367 ordinem,
701 3297 739 3355 ut
759 3309 827 3375 que
848 3289 916 3356 sint
936 3290 1117 3374 dignitates
1137 3289 1280 3355 residen-

177 3393 264 3459 tium
286 3394 331 3459 ad
353 3393 554 3462 scaccarium
576 3413 622 3460 cx
642 3391 753 3462 officio
775 3393 829 3459 vel
851 3414 896 3460 ex
918 3393 1184 3479 regismandato
1204 3413 1279 3477 pro·

176 3515 364 3581 mquamur.
1291 3511 1326 3564 30

221 3599 420 3685 visam.
464 3601 569 3668 Miror
604 3601 686 3667 satis
722 3621 790 3684 qua
825 3598 1086 3668 consideratione
1122 3619 1199 3666 cum
1235 3599 1279 3665 de

176 3703 292 3770 officiis
310 3713 472 3789 ageretur,
487 3703 531 3770 de
551 3705 688 3772 ostiario
703 3703 839 3772 maioris
857 3703 1011 3770 scaccarii
1031 3712 1066 3770 et
1085 3703 1156 3768 eius
1169 3703 1279 3768 officio

175 3805 230 3874 vel
243 3827 291 3873 ex
306 3807 469 3874 industria
483 3808 696 3893 suppressisti
706 3806 769 3889 vel,
779 3807 957 3875 obliuionis
968 3807 1087 3874 iniuria
1097 3807 1278 3887 resistente,

174 3912 352 3998 preteristi.

218 4015 397 4100 Magister.
442 4013 599 4082 Gratulor
616 4023 651 4082 te
669 4035 849 4082 memorem
864 4013 1098 4101 predictorum.
1143 4014 1183 4078 In
1198 4034 1275 4097 pro·
1290 4029 1321 4082 ³5

173 4117 307 4186 finiente
332 4118 460 4204 quippe
487 4117 651 4202 discipulo
678 4117 786 4204 gloria
810 4118 955 4185 doctoris
980 4127 1041 4186 est
1084 4117 1184 4184 Nosti
1209 4118 1276 4184 iam

208 4237 290 4295 ὀνο]
301 4237 579 4322 examinatiomR
672 4253 704 4312 13
722 4237 854 4296 omnibus
866 4237 969 4320 qamN
1060 4249 1094 4305 14
1100 4239 1168 4322 port
1177 4237 1229 4306 vel,
1242 4254 1277 4293 ex

173 4309 305 4365 omnious
324 4310 503 4365 comitatibus
524 4308 590 4364 add.
613 4309 651 4365 Ν
789 4323 822 4380 19
839 4319 926 4366 etiam
941 4325 996 4366 om.
1017 4307 1042 4366 C
1048 4323 1056 4364 t
1075 4319 1160 4366 euam
1180 4317 1224 4368 est
1243 4309 1280 4366 Ν

174 4379 329 4450 uvideR
381 4380 417 4436 26
433 4379 619 4452 siplaceatC
