3228 4868
328 295 395 349 100
651 283 654 290 ·
698 275 1064 347 oascnccnxro
1323 271 1433 369 [pr

330 453 472 520 dominis
489 449 566 530 suis,
580 471 601 519 a
616 449 667 517 sui
686 459 793 517 status
808 449 998 517 conditione
1010 450 1188 518 discedere.
1228 449 1280 518 Ea
1295 461 1431 536 propter

330 579 416 642 pene
441 557 630 640 quicunque
656 555 704 622 sic
732 555 833 622 hodie
852 555 979 621 occisus
1003 555 1169 638 reperitur,
1190 565 1227 622 vt
1257 557 1429 621 murdrum

329 661 473 747 punitur,
500 659 650 743 exceptis
677 657 743 724 hiis
772 660 815 725 de
842 659 965 744 quibus
993 667 1084 724 certa
1111 667 1189 725 sunt
1220 669 1258 725 vt
1283 660 1431 726 diximus

330 764 458 830 seruilis
473 763 670 829 conditionis
686 759 816 827 indicia.

300 893 316 946 5
372 865 570 949 Discipulus.
615 865 720 930 Miror
749 863 923 949 singularis
952 862 1151 931 excellentie
1179 865 1365 951 principem
1395 875 1430 932 et

329 972 488 1038 acerrime
507 968 640 1034 virtutis
661 966 832 1034 hominem
855 969 889 1033 in
909 967 1083 1034 subactam
1102 979 1137 1034 et
1155 969 1218 1035 sibi
1239 981 1430 1055 suspectam

329 1074 522 1159 Anglorum
549 1082 683 1158 gentem
706 1071 769 1138 hac
791 1092 888 1137 vsum
911 1072 1142 1149 misericordia,
1162 1082 1201 1139 vt
1224 1093 1292 1139 non
1320 1073 1429 1139 solum

330 1179 466 1246 colonos
488 1197 548 1263 per
577 1197 662 1260 quos
691 1175 892 1261 agricultura
921 1184 1036 1260 posset
1059 1176 1202 1243 exerceri
1234 1177 1429 1260 indempnes

329 1293 485 1360 seruaret,
499 1301 614 1346 verum
630 1279 708 1366 ipsis
723 1279 814 1366 regni
826 1279 1008 1346 maioribus
1020 1278 1143 1346 fundos
1157 1299 1236 1346 suos
1248 1290 1282 1347 et
1296 1279 1426 1366 amplas

285 1409 318 1449 ιο
330 1385 555 1472 possessiones
568 1382 778 1467 relinqueret.

371 1489 546 1572 Magister.
585 1487 681 1553 Licet
695 1485 757 1553 hec
771 1485 815 1552 ad
830 1495 986 1572 suscepta
1004 1487 1147 1571 negotia,
1161 1487 1282 1571 quibus
1297 1488 1430 1555 debitor

328 1595 434 1659 sactus
455 1611 539 1671 sum,
561 1611 629 1656 non
649 1589 823 1668 attineant,
844 1599 959 1656 tamen
980 1611 1046 1676 que
1068 1609 1168 1674 super
1190 1590 1254 1656 hiis
1280 1592 1325 1657 ab
1348 1592 1428 1676 ipsis

330 1697 494 1784 indigenis
522 1696 635 1778 accepi
664 1697 766 1780 gratis
796 1715 977 1779 exponam.
1036 1694 1117 1761 Post
1141 1695 1234 1778 regni
1263 1697 1428 1779 conquisi-

328 1801 466 1881 tionem,
480 1809 558 1886 post
575 1799 696 1865 iustam
711 1799 884 1866 rebellium
905 1799 1167 1876 subuersionem,
1182 1820 1257 1864 curn
1276 1819 1337 1865 rex
1357 1801 1429 1887 ipse

285 1927 315 1982 16
330 1906 480 1992 regisque
495 1923 645 1990 proceres
657 1903 730 1969 loca
742 1924 830 1970 noua
841 1903 1087 1988 perlustrarent,
1097 1903 1183 1970 lacta
1195 1913 1247 1971 est
1259 1904 1429 1987 inquisitio

329 2010 470 2095 diligens
491 2008 549 2092 qui
571 2007 693 2074 luerint
714 2008 772 2092 qui
794 2016 912 2074 contra
934 2027 1046 2092 regem
1068 2007 1102 2072 in
1120 2006 1209 2074 bello
1231 2007 1428 2075 dimicantes

328 2113 517 2199 perfugam
531 2131 568 2178 se
582 2111 791 2177 saluauerint.
832 2107 909 2176 Hiis
924 2111 1086 2192 omnibus,
1101 2119 1136 2176 et
1155 2110 1235 2177 item
1251 2110 1428 2180 heredibus

329 2237 444 2283 eorum
467 2216 525 2300 qul
550 2215 584 2280 in
607 2213 696 2281 bello
722 2216 957 2296 occubuerunt,
971 2234 1048 2300 spes
1073 2213 1181 2281 omnis
1206 2225 1368 2282 terrarum
1394 2227 1428 2284 et

329 2319 505 2388 fundorum
520 2328 622 2403 atque
636 2319 826 2385 reddituum
844 2339 932 2403 quos
949 2329 1029 2384 ante
1046 2321 1264 2402 possederant
1278 2320 1428 2404 preclusa

284 2455 317 2495 ιο
330 2433 401 2504 est;
424 2442 582 2510 magnum
606 2441 751 2508 namque
773 2421 972 2507 reputabant
993 2421 1057 2488 lrui
1079 2423 1148 2488 vite
1177 2423 1337 2491 beneficio
1365 2426 1428 2492 sub

328 2527 480 2594 inimicis.
509 2525 636 2592 Verum
651 2527 708 2610 qui
724 2527 833 2592 vocati
848 2527 892 2592 ad
907 2524 1031 2593 bellum
1042 2525 1184 2592 necdum
1196 2541 1429 2610 conuenerant,

292 2649 315 2703 c
328 2631 381 2697 vel
395 2629 613 2698 familiaribus
627 2650 685 2696 seu
700 2629 905 2715 quibuslibet
919 2629 1109 2696 necessariis
1119 2630 1271 2716 occupati
1285 2634 1427 2716 negotiis

328 2757 395 2802 non
421 2732 646 2817 interfuerant,
675 2755 751 2799 cum
781 2744 890 2800 tractu
920 2733 1080 2818 temporis
1104 2734 1235 2800 deuotis
1261 2735 1427 2820 obsequiis

326 2839 470 2925 gratiam
489 2837 699 2904 dominorum
714 2838 949 2922 possedissent,
963 2837 1034 2904 sine
1051 2857 1112 2921 spe
1127 2837 1349 2919 successionis,
1363 2839 1427 2906 sibi

284 2963 314 3016 rr
328 2951 469 3022 tantum,
479 2939 722 3026 provoluntate
733 2950 846 3008 tamen
855 2941 1066 3013 dominorum
1076 2941 1247 3026 possidere
1256 2955 1426 3026 ceperunt.

328 3046 536 3114 Succedente
549 3065 627 3112 vero
642 3056 890 3130 tempore,cum
905 3044 1049 3112 dominis
1060 3045 1128 3112 suis
1143 3046 1250 3111 odiosi
1265 3047 1390 3132 passim
1406 3067 1427 3114 a

327 3149 590 3236 possessionibus
606 3149 819 3234 pellerentur,
833 3169 894 3215 nec
910 3158 998 3216 esset
1017 3149 1075 3234 qui
1093 3149 1206 3214 ablata
1228 3151 1427 3229 restitueret,

329 3255 514 3319 communis
526 3254 753 3338 indigenarum
763 3255 806 3320 ad
818 3273 929 3338 regern
941 3253 1094 3338 peruenit
1105 3253 1322 3336 querimonia,
1334 3255 1428 3338 quasi

326 3358 374 3424 sic
394 3357 549 3424 omnibus
567 3357 663 3424 exosi
684 3365 718 3422 et
736 3357 835 3423 rebus
855 3356 989 3440 spoliati
1010 3357 1053 3424 ad
1073 3357 1276 3440 alienigenas
1291 3357 1428 3424 transire

282 3483 315 3534 ao
328 3471 532 3547 cogerentur.
577 3460 831 3527 communicato
846 3462 984 3527 tandem
999 3479 1099 3546 super
1118 3459 1182 3526 hiis
1200 3461 1347 3540 consilio,
1367 3463 1427 3528 de·

327 3575 455 3631 cretum
482 3575 533 3632 est
557 3573 594 3630 vt
619 3563 754 3649 quoda
781 3564 926 3630 dominis
951 3565 1029 3644 suis,
1054 3563 1266 3650 exigentibus
1293 3565 1429 3648 meritis,

328 3670 568 3737 interueniente
597 3668 751 3753 pactione
784 3668 960 3754 legittima,
986 3676 1142 3754 poterant
1170 3667 1329 3752 optinere,
1363 3669 1428 3738 illis

327 3773 510 3841 inuiolabill
525 3772 595 3838 iure
609 3773 855 3838 concederetur.
899 3771 1055 3839 Ceterum
1070 3779 1185 3837 autem
1203 3771 1338 3837 nomine
1352 3793 1427 3839 suc·

327 3877 513 3946 cessionisa
527 3875 734 3960 temporibus
749 3875 887 3942 subacte
898 3877 1008 3962 gentis
1020 3875 1105 3940 'nibil
1123 3875 1187 3941 sibi
1198 3877 1427 3944 vendicarant.

283 3998 314 4056 ss
329 3981 430 4068 Quod
456 3981 591 4065 quidem
621 3999 723 4064 quam
745 3979 891 4046 discreta
921 3979 1187 4048 consideratione
1211 3987 1347 4046 cautum
1372 3981 1427 4066 sit,

364 4159 545 4218 acolonisR
594 4173 625 4216 ιι
640 4157 858 4286 ηοὲοτὶαονωί
906 4171 938 4228 17
952 4159 1021 4216 item
1032 4158 1251 4216 emullauitN
1295 4161 1328 4218 18
1342 4177 1427 4218 occu·

326 4229 477 4288 buerintC
544 4245 580 4300 24
592 4228 657 4302 sibi]

327 4303 419 4360 MR
691 4229 771 4286 liiN
836 4228 1027 4300 ayessentR
1103 4231 1286 4302 3rvtom.R
1356 4247 1428 4304 ³4⁸
