3228 4868
333 313 399 360 110
702 295 769 360 DE
793 293 1068 362 SCACCARIO
1179 289 1295 386 [cass.
1312 309 1383 362 nm.
1400 311 1430 364 11

375 466 439 532 Ill.
463 466 517 531 De
531 465 668 551 agendis
682 465 884 532 vicecomitis
900 465 1132 550 multipliciter.

375 569 435 637 IV.
458 569 588 654 Quibus
617 571 661 636 de
689 569 798 636 causis
826 569 976 636 absentia
1003 569 1203 636 vicecomitis
1231 568 1342 636 valeat
1371 591 1431 636 ex·

330 693 445 741 cinari.

373 777 415 842 V.
439 775 532 862 Quid
561 777 605 842 sit
637 776 801 861 quosdam
834 775 954 843 fundos
983 777 1055 844 dari
1089 775 1237 854 blancos,
1266 778 1431 862 quosdam

303 893 481 948 enumero.

374 983 436 1050 v1.
459 983 536 1068 Que
551 984 619 1051 sint
640 983 827 1050 vicecomiti
849 983 1084 1067 computanda,
1097 983 1277 1051 elemosine
1297 985 1430 1065 scilicet,

332 1088 469 1165 decime,
485 1087 696 1153 liberationes
710 1088 880 1171 vtriusque
893 1088 1032 1174 generis,
1047 1097 1082 1153 et
1095 1081 1182 1154 terre'
1196 1088 1284 1155 date.

374 1191 456 1257 VII.
480 1189 557 1274 Que
576 1191 642 1256 sint
661 1211 720 1277 per
742 1191 848 1256 solam
869 1191 1142 1257 consuetudinem
1168 1191 1323 1258 scaccarii
1344 1191 1430 1258 vice·

330 1295 445 1362 comiti
460 1295 695 1378 computanda,
711 1293 776 1359 hoc
791 1304 842 1360 est
856 1295 927 1362 sine
941 1295 1044 1361 breui.

288 1417 319 1456 ιο
374 1399 473 1466 VIII.
496 1396 575 1482 Quo
599 1399 715 1464 ordine
740 1399 968 1482 computanda
991 1407 1068 1465 sunt
1094 1398 1279 1465 vicecomiti
1305 1419 1371 1483 que
1396 1399 1431 1464 in

330 1502 486 1586 operibus
508 1502 607 1568 missa
628 1511 706 1568 sunt
723 1521 784 1586 per
804 1503 907 1568 breue
928 1501 1014 1588 regis
1036 1522 1210 1568 numerum
1233 1522 1301 1566 non
1322 1503 1431 1568 deter-

330 1607 470 1672 minans.
543 1673 545 1678 ,

375 1711 441 1778 IX.
464 1709 567 1796 Quod
586 1730 655 1777 non
675 1709 860 1776 absoluitur
878 1709 952 1795 quis
971 1731 993 1776 a
1013 1711 1128 1777 debito
1148 1729 1208 1795 per
1224 1710 1327 1776 breue
1344 1711 1431 1797 regis

331 1835 506 1882 numerum
521 1835 588 1882 non
601 1815 730 1881 habens
745 1814 808 1880 etsi
823 1835 957 1880 causam
972 1815 1179 1881 determinet.

287 1936 317 1988 ¹5
375 1919 419 1984 X.
443 1918 497 1984 De
516 1917 747 1984 excidentibus
766 1928 801 1984 et
821 1919 992 2004 occupatis
1012 1920 1103 2004 quod
1122 1917 1273 1986 vsitatius
1287 1917 1430 1985 dicimus

332 2025 376 2090 de
391 2021 613 2106 purpresturis
628 2030 663 2087 et
677 2022 823 2090 escaetis

374 2125 439 2190 Xl.
463 2125 516 2190 De
538 2145 638 2192 censu
660 2144 833 2194 nemorum
859 2125 1002 2210 qualiter
1028 2127 1071 2192 de
1099 2125 1163 2193 hiis
1185 2126 1333 2212 compoti
1359 2125 1429 2192 fieri

330 2227 487 2295 debeant.

361 2332 455 2399 XII.
479 2333 533 2399 De
558 2331 688 2416 placitis
709 2342 745 2398 et
765 2332 1041 2400 conuentionibus
1064 2353 1133 2419 quo
1156 2333 1270 2400 ordine
1296 2337 1339 2402 de
1365 2335 1427 2401 hiis

287 2475 318 2512 20
331 2437 479 2522 compoti
494 2437 576 2504 fiant
590 2457 667 2502 cum
681 2447 801 2504 exacta
816 2437 1001 2505 soluuntur.

373 2541 478 2608 Xlll.
502 2541 557 2606 De
585 2541 798 2608 distinctione
827 2561 1041 2624 personarum
1071 2561 1137 2626 que
1170 2541 1332 2609 soluendo
1361 2561 1429 2608 non

329 2655 417 2723 sunt,
432 2646 475 2711 de
489 2645 610 2730 quibus
624 2667 646 2711 a
659 2645 851 2712 vicecomite
866 2645 949 2712 tides
963 2645 1103 2716 offertur
1113 2658 1148 2714 et
1163 2648 1226 2714 sub
1236 2666 1305 2732 quo
1314 2657 1430 2713 tenore

330 2751 506 2816 verborum
521 2751 627 2816 detur.

374 2853 469 2920 XIV.
492 2853 568 2938 Que
585 2851 704 2919 catalla
721 2853 908 2920 debitorum
923 2855 1097 2922 vendenda
1111 2854 1176 2922 sint
1192 2874 1269 2921 cum
1283 2855 1346 2940 ipsi
1362 2874 1428 2920 non

287 2991 316 3044 ²⁵
330 2957 465 3024 soluunt
479 2967 513 3023 et
528 2957 601 3042 quis
615 2957 648 3021 in
663 2957 845 3024 vendendis
860 2959 945 3024 ordo
959 2958 1003 3024 sit
1017 2959 1254 3025 obseruandus.

373 3061 452 3128 XV.
475 3060 575 3146 Quod
597 3061 778 3127 vicecomes
800 3083 821 3127 a
843 3061 1049 3127 debitoribus
1070 3063 1230 3130 debitoris
1252 3061 1348 3142 illius,
1369 3063 1428 3145 qui

330 3166 401 3248 regi
416 3184 484 3230 non
499 3163 608 3244 soluit,
623 3164 771 3231 debitam
789 3165 857 3248 regi
872 3183 1037 3230 summam
1052 3165 1144 3250 prius
1158 3165 1327 3250 suscipiat.

374 3269 473 3336 XVI.
497 3267 598 3353 Quod
613 3269 836 3348 vIcecornes,a
850 3269 960 3335 lundis
975 3269 1044 3334 eius
1059 3270 1117 3353 qui
1131 3289 1199 3338 non
1213 3269 1322 3349 soluit,
1337 3270 1429 3354 quod

330 3373 504 3456 requiritur
525 3373 683 3458 percipiat
709 3373 811 3439 etiam
838 3373 866 3440 si
895 3373 1031 3439 eosdem
1054 3393 1100 3439 ex
1128 3394 1196 3459 quo
1225 3374 1295 3458 regi
1324 3374 1428 3440 teneri

285 3509 318 3560 30
331 3476 455 3562 ceperit
468 3475 722 3561 quomodolibet
736 3477 938 3542 alienauerit.

374 3579 491 3646 XVII.
514 3580 615 3665 Quod
631 3581 790 3648 nonlicet
810 3581 994 3648 vicecomiti
1009 3581 1159 3648 debitam
1176 3581 1238 3647 sibi
1253 3581 1429 3665 pecuniam

330 3705 352 3752 a
373 3705 440 3751 non
461 3685 668 3753 soluentibus
689 3686 857 3769 suscipere
881 3695 917 3752 et
942 3685 1022 3770 qnid
1041 3686 1084 3751 sit
1105 3687 1273 3770 agendum
1295 3686 1323 3751 si
1344 3684 1429 3752 sorte

329 3790 521 3876 susceperit.

366 3971 385 4026 6
402 3967 592 4041 computanda
603 3965 759 4026 elemosina
769 3969 817 4024 N:
836 3967 1026 4039 computando
1037 3966 1192 4024 elemosina
1203 3967 1232 4022 R
1273 3967 1291 4024 8
1309 3963 1379 4037 sint]
1393 3967 1430 4024 sit

329 4039 366 4096 N
455 4055 485 4096 ιι
506 4058 623 4097 numero
635 4041 695 4097 NR
778 4036 1221 4110 13adebit01autemdebetlv
1312 4037 1432 4094 breuiR

333 4125 367 4179 14
383 4110 493 4166 babens
516 4111 645 4167 Madox:
663 4111 786 4167 habente
804 4109 877 4166 CN:
896 4109 1007 4166 b’autnr
1026 4110 1055 4164 R
1078 4110 1206 4181 apicibus
1228 4124 1262 4165 ar
1283 4111 1432 4180 expunctis

331 4180 443 4238 etiamsi
455 4182 514 4237 NR
584 4197 616 4239 αι
637 4181 861 4240 destinationeR
930 4195 964 4236 aa
977 4178 1006 4252 a]
1020 4190 1117 4236 antem
1130 4179 1167 4235 N
1232 4180 1432 4248 arcastellaR

332 4253 367 4310 28
385 4249 482 4325 soluit]
496 4253 587 4308 solum
600 4253 651 4310 CR
756 4265 791 4324 ²9
803 4249 840 4322 si]
853 4251 924 4308 seR
1024 4264 1060 4321 30
1077 4249 1199 4323 oepitN
1295 4264 1330 4321 3²
1349 4247 1430 4324 quid]

331 4324 380 4397 qui
395 4325 420 4381 C
