3228 4868
330 263 394 331 154
698 247 764 312 ne
788 211 1065 324 scAccnmo
1292 244 1339 334 [11
1355 251 1430 316 xxii

328 443 395 507 que
414 420 535 487 catalla
557 420 658 487 vendi
677 420 821 486 debeant
841 429 876 486 et
898 442 965 504 que
984 441 1072 502 uon3
1096 432 1130 488 et
1153 422 1233 487 item
1254 421 1429 506 inquibus

327 545 540 614 personarum
563 525 715 591 discretio
736 525 881 592 tenenda
903 535 954 592 est
975 535 1009 591 et
1032 525 1208 610 inquibus
1231 545 1321 603 non;
1349 535 1430 591 tunc

328 631 453 698 scilicet
468 650 544 695 cum
556 630 732 706 debitores,
743 629 800 712 qui
815 629 850 694 in
860 629 1056 713 pecuniariis
1070 630 1166 714 penis
1181 629 1249 714 regi
1263 637 1429 706 tenentur,

330 735 493 802 soluendo
508 754 574 798 non
589 733 719 799 suerint.
765 733 884 800 Restat
899 745 935 800 vt
950 734 1029 818 quid
1044 735 1087 799 de
1101 731 1223 800 oblatis
1237 735 1429 818 spontaneis

235 837 401 960 ¹¹1¹{lieri
416 839 546 917 debeat,
561 859 637 904 cum
653 839 734 904 item
744 857 817 910 ¹non
831 835 998 916 soluerint,
1013 837 1236 903 ostendamus.

293 981 319 1032 A
375 943 519 1008 Noueris
549 941 648 1028 igitur
675 944 766 1026 quod
795 940 983 1008 oblatorum
1008 940 1089 1026 regi,
1114 940 1259 1024 quedam
1285 939 1318 1004 in
1349 960 1428 1020 rem,

329 1048 474 1131 quedam
493 1046 527 1112 in
543 1066 648 1132 spem,
668 1043 857 1110 offemntur.
903 1043 944 1108 In
966 1063 1035 1108 rem
1058 1042 1195 1126 quidem
1217 1041 1327 1108 offerri
1346 1044 1429 1108 dici·

329 1171 413 1231 mus,
421 1171 497 1216 cum
509 1149 779 1233 oblatumarege
790 1147 974 1232 suscipitur,
983 1154 1019 1212 et
1029 1145 1171 1213 offerens
1180 1158 1427 1230 consequenter,

328 1273 390 1338 pro
416 1275 484 1340 quo
509 1253 643 1330 obtulit,
666 1273 687 1317 a
709 1270 786 1335 rege
816 1249 959 1334 suscipit,
982 1259 1020 1316 vt
1042 1251 1070 1314 si
1093 1251 1168 1335 quis
1190 1271 1252 1336 pro
1274 1251 1428 1317 libertate

284 1384 316 1423 10
328 1359 449 1442 aliqua,
465 1379 526 1442 pro
544 1357 647 1423 fundo
665 1354 719 1420 vel
737 1375 798 1441 pro
811 1353 922 1432 firma,
936 1355 990 1420 vel
1010 1374 1072 1439 pro
1088 1355 1242 1421 custodia
1261 1356 1426 1441 cuiusque,

326 1445 386 1547 qui
406 1463 512 1528 minor
526 1469 577 1527 est
599 1461 704 1537 annis,
719 1479 823 1543 usque
836 1459 880 1524 ad
895 1477 999 1525 annos
1011 1457 1177 1542 legitimos
1197 1457 1359 1539 habenda,
1373 1461 1427 1524 vel

326 1587 388 1651 pro
417 1566 535 1650 quouis
563 1565 630 1632 alio
655 1565 747 1650 quod
777 1563 821 1630 ad
849 1583 943 1628 suam
976 1561 1155 1628 utilitatem
1184 1561 1238 1627 vel
1266 1562 1427 1630 honorem

326 1672 484 1736 accedere
511 1668 673 1745 videatur,
701 1675 822 1752 sponte
851 1665 919 1751 regi
956 1687 984 1732 c.
1015 1665 1115 1731 libras
1143 1664 1197 1732 vel
1235 1685 1262 1732 c
1300 1687 1427 1732 marcas

241 1773 244 1781 '
327 1774 454 1853 offerat,
475 1782 519 1853 et,
534 1773 733 1837 assentiente
756 1791 842 1857 rege,
861 1771 973 1836 stetim
996 1778 1073 1854 post
1094 1769 1245 1836 oblatum
1268 1770 1427 1855 suscipiat

283 1901 313 1954 ¹5
327 1887 491 1961 optatum.
536 1877 591 1941 De
616 1875 668 1940 his
696 1875 804 1960 igitur,
826 1875 884 1959 qui
905 1881 1025 1958 sponte
1049 1893 1086 1939 se
1111 1873 1273 1958 obligant,
1299 1883 1333 1940 et
1358 1877 1427 1959 qui,

327 1981 546 2048 conuentione
562 2002 638 2046 curn
653 1980 802 2066 principe
816 1978 913 2059 sacta,
927 1976 1097 2061 possidere
1111 1977 1177 2042 iam
1197 1979 1352 2062 ceperint,
1369 1979 1426 2044 lex
1443 2029 1447 2036 .

326 2095 439 2150 nostra
464 2085 612 2152 decernit
628 2095 674 2162 vt,
694 2083 853 2167 quamdiu
873 2081 1034 2148 soluendo
1053 2080 1185 2162 suerint,
1205 2081 1342 2148 indultis
1360 2083 1426 2149 sibi

326 2187 492 2254 beneficiis
517 2187 687 2273 gaudeant
710 2197 744 2252 et
770 2195 914 2253 utantur.
958 2184 1061 2271 Quod
1081 2187 1110 2252 si
1132 2186 1176 2251 de
1197 2187 1283 2270 regis
1309 2185 1426 2259 debito

327 2291 520 2357 summoniti
539 2290 667 2356 soluere
689 2289 857 2371 desierint,
878 2291 991 2358 statim
1013 2300 1149 2357 careant
1171 2289 1364 2376 impetratis,
1378 2291 1427 2356 sic

282 2425 315 2464 ιο
327 2405 441 2461 tamen
462 2405 499 2460 vt
519 2394 558 2475 si,
573 2403 728 2460 manente
749 2393 923 2472 scaccario,
940 2413 1041 2478 super
1060 2395 1179 2460 eodem
1199 2393 1427 2471 satisfecerint,

326 2499 439 2566 ablata
454 2499 566 2564 omnia
576 2499 647 2563 sine
662 2496 813 2564 molestia
828 2497 891 2562 sibi
907 2498 1131 2577 restituantur.
1176 2495 1223 2563 Et
1237 2508 1320 2563 nota
1333 2499 1425 2582 quod

325 2603 563 2687 qualiscunque
585 2619 736 2686 persona,
758 2601 994 2684 cuiuscumque
1015 2599 1115 2666 etiarn
1139 2601 1338 2666 conditionis
1366 2610 1428 2666 aut

325 2727 427 2772 sexus
445 2705 550 2784 fuerit,
565 2704 639 2772 huic
660 2705 869 2770 observantie
887 2705 929 2770 de
944 2713 1063 2788 sponte
1083 2703 1203 2770 oblatis
1217 2725 1349 2788 semper
1362 2705 1428 2772 erit

325 2811 482 2887 obnoxia,
498 2817 535 2875 vt
557 2807 681 2874 scilicet
703 2808 953 2874 summonitioni
971 2807 1152 2874 satisfaciat
1173 2809 1226 2874 vel
1246 2809 1427 2892 impetrato

281 2945 312 2997 ²⁵
326 2925 445 2992 careat,
459 2913 521 2979 nisi
536 2934 597 2978 rex
617 2912 687 2995 ipse
702 2912 851 2995 obsequii
871 2911 999 2997 prestiti
1014 2909 1068 2977 vel
1086 2913 1290 2997 paupertatis
1304 2914 1425 2980 intuitu

326 3017 452 3101 aliquid
481 3017 543 3081 sibi
570 3025 680 3099 preter
706 3035 917 3080 communem
944 3014 1052 3100 legem
1080 3015 1259 3100 indulgeat,
1280 3018 1371 3084 velut
1396 3019 1426 3082 si

325 3121 369 3188 de
385 3121 570 3186 oblatorum
582 3119 697 3203 grandi
713 3139 844 3184 summa
858 3120 901 3184 ad
917 3118 1089 3203 quodlibet
1103 3121 1303 3186 scaccarium
1317 3123 1425 3188 modi-

326 3245 403 3289 cum
426 3223 505 3307 quid
527 3222 660 3306 abipso
681 3223 766 3288 solui
785 3222 967 3290 constituat
985 3232 1019 3290 et
1036 3223 1101 3289 hoc
1123 3243 1183 3307 per
1203 3224 1305 3289 breue
1327 3245 1425 3291 suum

325 3327 505 3394 baronibus
520 3326 711 3392 innotescat.

280 3405 314 3509 ³ss
371 3431 412 3496 In
433 3449 526 3516 spem
545 3449 624 3496 vero
644 3431 799 3497 dicuntur
821 3427 929 3496 offerri
949 3449 1026 3496 cum
1046 3429 1129 3514 quis,
1147 3429 1335 3498 exhibende
1361 3434 1425 3500 sibi

326 3535 450 3602 iustitie
464 3553 571 3614 causa,
585 3555 684 3618 super
702 3535 806 3600 fundo
820 3535 873 3600 vel
888 3535 1017 3601 redditu
1034 3533 1155 3619 aliquo,
1171 3536 1240 3618 regi
1259 3557 1424 3604 summam

326 3640 471 3724 aliquam
492 3638 611 3716 offert3
634 3659 700 3703 non
723 3647 836 3704 tamen
857 3646 895 3703 vt
916 3636 984 3712 fiat,
1002 3659 1045 3704 ne
1063 3639 1097 3703 in
1120 3659 1180 3704 nos
1202 3641 1425 3709 excandescas

326 3751 362 3808 et
382 3740 534 3806 venalem
552 3761 653 3823 penes
674 3763 750 3807 eum
772 3741 931 3808 iustitiam
953 3742 1051 3822 dicat,
1068 3744 1172 3809 immo
1192 3753 1229 3810 vt
1249 3743 1320 3810 sine
1340 3745 1424 3812 dila·

325 3848 418 3912 tione
433 3845 502 3912 fiat.
546 3845 688 3911 Noueris
712 3856 826 3912 tamen
850 3865 918 3910 non
944 3865 1141 3930 quecunque
1163 3847 1211 3912 sic
1233 3848 1424 3930 offeruntur,
1486 3845 1491 3858 '

281 3969 347 4023 asa
382 3949 532 4034 principe
560 3949 690 4032 suscipi,
726 3949 857 4016 etiamsi
887 3950 1025 4014 modum
1063 3950 1215 4016 videatur
1251 3952 1423 4020 excedere.

326 4051 439 4118 Gratis
459 4053 546 4119 enirn
574 4054 773 4137 quibusdam
800 4053 924 4120 iustitie
942 4053 1184 4140 plenitudinem
1207 4055 1346 4123 exhibet
1364 4057 1424 4124 ob-

361 4225 377 4281 ⁷
396 4211 548 4270 offeruntur
559 4214 688 4272 Mane:
707 4181 859 4275 orerentur
870 4216 917 4272 N:
934 4232 989 4272 om.
1000 4215 1029 4271 a
1113 4229 1146 4271 21
1166 4213 1273 4288 abusa]
1286 4217 1429 4276 obtenu

324 4295 359 4350 27
377 4285 533 4340 oblatorum
543 4287 726 4356 empsim:
745 4287 871 4345 oblatore
882 4285 942 4364 NR
993 4286 1119 4359 quolibet
1130 4289 1159 4344 R
