3228 4868
326 289 392 376 ³5⁶
512 225 517 234 Ι
692 275 763 352 bs
786 277 1060 353 SCACCARIO
1161 329 1164 334 -
1268 275 1318 376 [ιι
1333 284 1434 354 xxiiii

328 461 456 527 Debita
480 479 626 543 namque
651 456 727 522 filiis
753 457 879 524 ratione
900 456 1115 524 successionis
1141 458 1307 526 hereditas
1329 479 1388 525 eos
1408 479 1431 523 a

328 565 402 649 lege
415 573 536 648 sponte
551 561 741 629 oblatorum
755 563 888 628 videtur
902 561 1092 629 excludere.

241 689 316 733 xxv
375 669 460 734 Item
482 666 522 733 lit
543 667 710 733 interdum
731 676 769 732 vt
789 687 869 732 aues
891 665 979 750 regie
1002 667 1071 750 regi
1092 665 1242 750 qualibet
1264 687 1309 731 ex
1331 685 1431 730 causa

327 773 566 857 promittantur
578 791 587 851 ;
622 770 797 855 accipitres
824 769 949 836 scilicet
974 770 1027 834 vel
1057 769 1212 836 falcones.
1269 769 1372 854 Quod
1402 769 1431 834 si

300 877 524 961 5promittens
542 874 766 939 determinans
786 873 917 954 dixerit,
933 874 1144 959 ‘accipitrem
1163 873 1316 940 instantis
1334 869 1429 938 anni'

328 980 381 1046 vel
402 977 604 1057 ‘mutatum'
625 978 679 1046 vel
702 977 811 1042 locum
833 978 934 1043 etiarn
955 979 1125 1062 exprimat
1146 979 1268 1057 dicens,
1291 977 1431 1042 ‘Hiber-

326 1103 473 1162 nensem,
486 1083 740 1167 Hispanensern,
756 1082 957 1148 Norrensem
976 1079 1084 1161 dabo,'
1099 1081 1147 1147 sic
1163 1081 1354 1152 satisfaciat.
1392 1079 1432 1147 Si

324 1203 408 1254 vero
425 1207 486 1252 nec
505 1189 563 1270 qui
581 1185 754 1272 promittit,
768 1205 828 1250 nec
848 1186 901 1252 cui
921 1185 1137 1271 promittitur,
1151 1185 1431 1264 determinauerit,

328 1291 361 1356 ln
384 1291 518 1356 arbitrio
539 1290 760 1376 promittentis
781 1290 844 1355 erit
865 1289 893 1354 sl
917 1297 1094 1368 mutatum,
1107 1289 1160 1356 vel
1183 1309 1260 1368 non,
1277 1289 1320 1354 sit
1342 1288 1431 1354 solu-

282 1411 317 1454 ιο
328 1406 432 1461 turus.
470 1393 531 1461 Set
545 1395 573 1460 si
588 1393 717 1477 integer
731 1403 766 1460 et
780 1413 879 1458 sanus
893 1413 915 1458 a
929 1393 1026 1477 regiis
1039 1393 1246 1460 austurcariis
1261 1391 1432 1470 iudicetur,

328 1518 525 1583 quacunque
549 1497 705 1565 exclusus
729 1496 836 1574 luerit,
858 1498 1064 1581 suscipietur.
1110 1496 1212 1562 Porro
1233 1497 1262 1562 si
1282 1517 1431 1562 summo·

326 1604 419 1669 nitus
439 1603 575 1686 dignum
599 1601 721 1686 suscipi
739 1601 783 1667 ad
802 1601 1002 1667 scaccarium
1023 1599 1178 1667 detulerit
1201 1619 1263 1665 nec
1286 1601 1330 1665 sit
1356 1610 1432 1666 tum

327 1707 386 1792 qul
405 1706 571 1790 suscipiat,
585 1706 686 1773 etiam
706 1705 734 1770 si
753 1715 832 1789 post
849 1706 914 1772 hoc
931 1705 966 1769 in
982 1724 1107 1770 annum
1122 1704 1175 1770 vel
1191 1703 1362 1772 biennium
1375 1703 1431 1768 vel

328 1811 472 1894 amplius
486 1807 656 1876 differatur
665 1808 889 1888 summonitio,
899 1809 960 1872 nisi
975 1829 1076 1892 quem
1092 1809 1251 1886 maluerit,
1263 1815 1431 1874 mutatum

283 1929 316 1989 r5
330 1915 454 1980 scilicet
469 1913 520 1979 vel
537 1932 666 1992 ornum,
679 1911 808 1978 soluere
828 1932 896 1977 non
917 1923 1063 1996 cogetur.
1109 1911 1210 1996 Quod
1232 1913 1260 1977 si
1282 1932 1430 1977 summo-

329 2019 418 2083 nitus
439 2017 637 2084 solutionem
659 2013 781 2082 differri
803 2015 1054 2100 quomodolibet
1077 2014 1310 2100 procurauerit,
1332 2015 1432 2080 iuxta

327 2139 500 2186 numerum
524 2139 685 2186 annorum
709 2120 827 2204 quibus
848 2119 977 2186 indulta
1000 2119 1061 2185 sibi
1083 2129 1135 2185 est
1155 2119 1280 2200 dilatio,
1302 2117 1431 2184 bimum

328 2223 452 2292 scilicet
470 2224 524 2291 vel
542 2225 678 2290 trimum
697 2223 749 2289 vel
771 2223 928 2309 deinceps
948 2233 1113 2290 mutatum
1131 2223 1247 2291 soluet.
1301 2222 1356 2288 De
1377 2223 1431 2288 his

328 2341 441 2394 autem
466 2337 581 2394 contra
605 2328 783 2394 terminum
807 2327 934 2394 Pasohe
956 2328 1171 2394 summonitio
1197 2348 1264 2393 non
1289 2326 1328 2392 fit
1351 2326 1431 2410 quia

283 2447 441 2496 uocatum
464 2433 592 2498 aestiuo
614 2441 765 2517 tempore
786 2451 878 2496 rarus
900 2441 952 2497 est
970 2452 1058 2498 vsus.
1102 2431 1198 2496 Tunc
1220 2431 1309 2496 enim
1331 2450 1431 2496 caue·

328 2555 421 2600 arum
448 2535 551 2601 antris
576 2535 701 2602 incluse
725 2535 900 2620 diligenter
925 2536 1156 2621 custodiuntur
1177 2543 1214 2600 vt
1235 2535 1350 2600 redeat
1371 2535 1430 2599 de-

326 2639 435 2723 posita
445 2647 613 2704 vetustate
627 2659 811 2724 pennarum
823 2639 923 2706 decor
934 2649 969 2705 et
980 2659 1093 2706 earum
1103 2647 1140 2706 vt
1151 2639 1261 2723 aquile
1276 2638 1431 2704 iuuentus

326 2751 518 2808 renouetur.
554 2741 682 2810 Verum
704 2753 820 2810 contra
841 2743 1018 2810 terminum
1039 2743 1146 2809 sancti
1169 2741 1349 2818 Michaelis,
1364 2761 1432 2826 que

325 2846 394 2931 regi
414 2845 587 2922 debentur,
606 2857 868 2924 summouentur,
885 2855 923 2913 vt
940 2846 1086 2913 instante
1105 2855 1184 2911 tunc
1203 2845 1313 2910 hieme
1332 2845 1431 2929 regiis

281 2967 312 3024 25
326 2959 484 3034 aptentur
505 2949 683 3034 obsequiis.
726 2951 767 3016 In
789 2949 1002 3016 cohercendis
1027 2960 1139 3016 autem
1161 2949 1223 3030 his,
1243 2948 1300 3035 qui
1323 2949 1372 3014 sic
1395 2968 1432 3013 se

327 3062 447 3138 sponte
462 3053 621 3139 obligant,
636 3073 697 3119 nec
711 3051 855 3134 soluunt,
869 3053 926 3118 lex
941 3053 1090 3138 predicta
1106 3053 1151 3119 de
1170 3061 1289 3137 sponte
1308 3050 1432 3119 oblatis

328 3166 484 3222 seruatur.

231 3251 317 3311 ¹¹V¹
373 3260 431 3327 Ad
444 3260 506 3327 hec
522 3260 673 3326 nouerint
687 3259 743 3340 hii,
758 3259 815 3343 qui
830 3260 864 3324 in
880 3260 1019 3344 pecunia
1034 3267 1206 3328 numerata
1222 3258 1292 3344 regi
1310 3267 1432 3342 sponte

291 3333 316 3381 A
328 3384 363 3429 se
378 3364 539 3449 obligant,
551 3364 644 3448 quod
664 3363 777 3448 regine
796 3364 947 3430 similiter
961 3373 1123 3442 tenentur,
1137 3363 1216 3430 licet
1235 3383 1431 3446 expressum

281 3489 315 3542 30
327 3487 393 3534 non
417 3467 521 3534 luerit.
567 3467 730 3553 Quamuis
753 3467 841 3533 enlm
864 3487 930 3532 non
953 3468 996 3534 sit
1018 3487 1223 3551 expressum,
1244 3476 1295 3532 est
1317 3477 1432 3532 tamen

325 3571 489 3655 promisso
510 3571 794 3657 compromissum,
808 3579 845 3636 vt
865 3592 941 3637 cum
962 3571 1031 3656 regi
1052 3582 1186 3638 centum
1201 3570 1253 3636 vel
1269 3573 1432 3637 ducentas

325 3695 453 3740 marcas
472 3675 669 3758 promiserit,
684 3674 794 3758 teglae
814 3675 936 3759 pariter
950 3684 1103 3740 teneatur
1118 3696 1178 3759 pro
1194 3685 1328 3741 centum
1344 3695 1432 3740 mar·

324 3779 372 3844 cis
392 3779 521 3866 argenti
542 3779 610 3862 regi
630 3778 799 3863 promissis
820 3779 854 3844 in
874 3799 939 3844 vna
960 3797 1070 3844 marca
1089 3779 1169 3858 auri,
1187 3800 1248 3864 pro
1268 3779 1431 3858 ducentis,

325 3881 359 3946 in
384 3883 515 3949 duabus
544 3883 663 3948 marcis
692 3882 772 3961 auri,
801 3892 835 3948 et
864 3883 911 3948 sic
939 3881 1104 3967 deinceps.
1156 3883 1195 3949 In
1224 3883 1285 3948 hiis
1315 3893 1431 3949 autem

280 4009 312 4062 st
324 3986 552 4070 perquirendis
574 3985 691 4051 eadem
712 3985 787 4070 lege
808 3986 993 4068 vicecomes
1014 4006 1075 4070 per
1095 3987 1208 4052 onmia
1223 3996 1344 4064 vtetur,
1362 4006 1432 4071 qua

323 4089 357 4155 in
373 4090 468 4173 regiis
484 4110 562 4156 usus
580 4101 720 4170 estnon
739 4100 853 4156 tamen
873 4098 952 4156 ante
970 4097 1022 4154 set
1042 4100 1130 4174 post.
1176 4089 1263 4158 Cum
1282 4111 1365 4175 ergo
1384 4092 1430 4158 de

362 4233 573 4291 trationemR
652 4235 796 4304 13hecR
880 4235 913 4290 16
924 4233 1113 4292 solutioneN
1179 4249 1214 4305 ²3
1231 4237 1431 4296 remoueturR

259 4393 262 4402 Ι
322 4313 362 4377 '29
379 4305 527 4362 seom.N
607 4317 645 4373 30
661 4303 769 4380 tamen]
781 4313 890 4362 tantum
903 4306 930 4362 R
1016 4319 1052 4382 3¹
1072 4303 1287 4378 vellscilicetR
