3228 4868
184 297 324 392 nour]
557 301 624 370 on
646 299 923 371 scaccnruo
1222 315 1284 384 ιη

183 474 255 538 eius
269 483 407 558 propter
417 474 595 560 prestitum
610 473 812 540 reclamandi
826 470 920 538 locus
935 471 1140 556 relinquitur.
1185 473 1285 540 Simi-

184 577 268 654 liter,
282 575 310 642 si
325 577 453 644 dictum
468 576 577 659 fuerit,
596 585 605 614 ‘
620 577 672 644 Illi
688 599 722 642 rc
737 577 895 661 quamdiu
911 576 980 660 regi
995 574 1175 660 placuerit.¹

225 680 425 765 Discr‘pulur.
469 679 561 766 Quid
576 689 628 748 eut
641 681 733 765 quod
744 680 861 748 dixisti
875 680 1102 748 ‘liberationes
1116 680 1284 766 utriusque
1296 685 1332 744 vl

183 784 360 870 generis’?

225 887 403 972 Magister.
448 888 700 956 Liberationum
718 889 862 973 quedam
877 897 955 954 sunt
973 887 1191 973 indigentium
1206 909 1312 964 cumr

183 1013 228 1056 ex
242 992 316 1058 solo
331 993 477 1060 caritatis
496 993 679 1059 intuitu‘ad
693 993 817 1058 victum
835 1002 870 1059 et
883 992 1040 1058 vestitum
1057 993 1155 1060 alicui
1170 1013 1192 1058 a
1206 1013 1285 1076 rege

182 1097 335 1162 denarius
343 1097 488 1176 diurnus,
498 1095 551 1164 vel
562 1098 640 1172 duo,
650 1095 703 1162 vel
712 1095 823 1181 plures
831 1096 1083 1163 constituuntur.
1129 1096 1284 1182 Quedam

181 1219 262 1266 vero
275 1209 354 1266 sunt
368 1200 581 1266 seruientium
592 1211 629 1266 vt
640 1199 702 1266 hec
713 1219 775 1286 pro
785 1200 957 1283 stipendiis
967 1199 1158 1286 suscipiant,
1169 1199 1284 1285 quales

181 1311 259 1369 sunt
273 1291 377 1370 editui
388 1305 480 1389 regii,
492 1304 651 1386 tibicines,
661 1304 815 1390 luporum
827 1303 1117 1387 comprehensores
1129 1313 1163 1369 et
1173 1302 1284 1370 huius·

182 1407 285 1476 modi.
330 1407 406 1474 Hee
429 1417 508 1475 sunt
528 1408 629 1494 igitur
656 1409 777 1474 diuersi
798 1409 926 1492 generis
955 1406 1177 1489 liberationes,
1204 1409 1283 1492 quia
1297 1429 1329 1464 ιο

181 1513 320 1578 diuersis
344 1533 390 1578 ex
411 1511 519 1578 causis
543 1512 727 1592 soluuntur,
748 1514 835 1579 inter
855 1511 1036 1578 constituta
1056 1521 1170 1577 tamen
1192 1531 1282 1578 com·

181 1625 347 1702 putantur.
393 1611 457 1706 [Et
471 1625 553 1683 nota
566 1617 668 1702 quod,
681 1616 760 1682 licet
774 1615 915 1681 liberum
929 1615 974 1680 sit
992 1614 1061 1699 regi
1079 1615 1282 1699 quibuslibet

174 1720 407 1806 indigentibus
431 1719 493 1786 has
518 1719 730 1787 liberationes
760 1719 918 1800 conferre,
939 1739 984 1785 ex
1009 1719 1146 1804 antiqua
1168 1729 1282 1786 tamen

181 1827 390 1892 institutione
410 1825 520 1892 solent
540 1824 604 1891 hiis
626 1823 783 1910 assignari
801 1823 859 1908 qui
880 1824 915 1888 in
936 1823 1027 1890 curia
1048 1823 1282 1904 ministrantes,

180 1950 258 1994 cnm
280 1931 431 1998 redditus
452 1951 520 1996 non
540 1928 695 2008 habeant,
717 1929 752 1993 in
774 1946 948 2012 eorpomm
969 1946 1103 1992 snorum
1126 1927 1280 1994 inualitu·
1296 1945 1326 1997 τε

180 2033 293 2100 dinem
308 2035 468 2101 decidunt
485 2044 521 2101 et
538 2031 706 2100 laboribus
725 2031 858 2096 inutiles
878 2025 987 2120 fiunt]
1034 2030 1111 2096 Hiis
1125 2031 1281 2098 omnibns

181 2149 241 2220 per
254 2139 404 2205 ordinem
420 2139 597 2214 annotatis,
611 2136 722 2221 querit
740 2133 962 2202 thesaurarius
979 2154 1000 2200 a
1014 2135 1218 2214 vicecomite,
1233 2137 1280 2200 ‘si

180 2241 261 2324 quid
276 2241 471 2326 expenderit
488 2241 532 2308 de
549 2239 645 2305 firma
660 2239 839 2306 comitatus
856 2259 916 2323 per
935 2239 1049 2306 breuia
1067 2239 1154 2322 regis
1171 2248 1281 2324 preter

180 2343 381 2412 constituta’
424 2345 521 2412 Tunc
546 2344 694 2410 seriatim
721 2343 820 2409 missa
843 2343 906 2409 sibi
930 2343 1016 2428 regis
1041 2343 1154 2410 breuia
1177 2343 1280 2410 tradit

179 2447 298 2515 clerico
327 2448 521 2529 cancellarii,
549 2449 607 2534 qui
635 2448 723 2514 lecta
752 2448 786 2512 in
815 2446 987 2532 publicum
1016 2447 1135 2512 eadem
1161 2445 1280 2514 liberat
1294 2462 1327 2500 ²0

179 2552 384 2619 thesaurario
411 2562 449 2618 vt
478 2553 558 2637 ipse,
583 2553 765 2618 secundum
790 2551 933 2617 sormam
959 2551 994 2616 in
1018 2551 1174 2617 breuibus
1200 2571 1279 2618 con·

179 2667 322 2742 ceptam,
337 2656 371 2722 in
387 2657 582 2742 scripturam
605 2654 705 2722 rotuli
720 2655 772 2720 sui
786 2665 976 2740 opportuna
989 2655 1092 2721 verba
1106 2655 1280 2722 ministret.

181 2760 258 2844 lpse
270 2781 422 2846 namque,
432 2761 517 2827 sieut
528 2761 654 2827 dictum
666 2767 728 2836 est,
739 2757 1024 2843 prescribitetalii
1035 2759 1278 2826 conscribentes

179 2865 224 2931 ab
238 2866 357 2931 eodem
368 2865 548 2950 excipiunt.
594 2863 671 2930 Hoc
685 2863 784 2940 sacto,
798 2862 944 2928 ostendit
958 2862 1141 2928 vicecomes
1154 2864 1182 2927 si
1197 2863 1278 2948 quid

178 2970 376 3052 expenderit
401 2989 468 3036 non
494 2989 554 3054 per
575 2967 689 3033 breuia
710 2967 770 3032 sed
798 2986 859 3050 per
882 2966 1100 3032 constitutam
1123 2967 1278 3033 scaccarii
1293 2977 1323 3031 ²⁵

177 3072 288 3158 legem
311 3071 373 3138 sibi
402 3073 638 3158 computanda,
668 3070 781 3154 qualia
808 3077 886 3136 sunt
915 3069 1131 3135 liberationes
1156 3072 1278 3154 proba-

178 3187 289 3242 torum
304 3175 390 3261 regis
409 3185 444 3242 et
461 3176 541 3241 item
560 3195 601 3241 ea
621 3193 686 3258 que
703 3174 882 3240 mittuntur
898 3172 933 3240 in
950 3173 1082 3240 iustitiis
1095 3181 1132 3240 et
1147 3173 1277 3240 iudiciis

176 3279 362 3364 explendis.

220 3381 373 3449 Aduerte
386 3391 500 3448 autem
518 3381 659 3448 iustitias
671 3381 725 3448 hic
739 3379 896 3446 usualiter
910 3380 1091 3466 nuncupari
1106 3381 1227 3466 prolati
1241 3381 1276 3447 in
1288 3335 1332 3465 {ss

177 3486 306 3571 aliquos
321 3486 398 3553 iuris
418 3487 641 3565 executiones,
661 3485 782 3550 iudicia
801 3506 882 3553 vero
901 3485 992 3570 leges
1011 3485 1182 3552 candentis
1201 3485 1276 3550 ierri
1291 3495 1324 3546 ³0

176 3587 230 3653 vel
262 3607 357 3672 aque.
402 3586 632 3654 Liberationes
663 3585 764 3671 igitur
798 3585 1015 3672 probatorum
1051 3585 1114 3651 hac
1151 3586 1279 3652 ratione

176 3691 282 3756 fiunt:
314 3701 450 3776 propter
477 3690 666 3756 innumeras
703 3688 796 3775 regni
832 3689 930 3755 huius
961 3689 1096 3755 diuitias
1131 3698 1165 3756 et
1196 3690 1277 3754 item

175 3805 313 3880 propter
333 3796 482 3862 innatam
504 3795 667 3879 indigenis
688 3793 868 3878 crapulam,
889 3813 991 3880 qnam
1012 3813 1144 3878 semper
1167 3813 1278 3859 comes

175 3899 279 3966 libido
310 3899 467 3983 sequitur,
496 3899 662 3982 contingit
690 3899 725 3963 in
754 3898 828 3982 ipso
856 3897 1058 3984 frequentius
1090 3899 1178 3964 furta
1207 3897 1279 3963 heri

176 4004 352 4070 manifesta
374 4002 428 4070 vel
453 4003 595 4080 occulta,
610 4022 741 4067 necnon
758 4011 793 4068 et
814 4000 992 4068 homicidia
1009 4021 1049 4067 ac
1070 4001 1274 4068 diuersorum
1291 4015 1322 4069 st

174 4123 335 4190 generum
352 4102 485 4182 scelera,
500 4103 702 4169 addentibus
721 4102 875 4169 stimulos
895 4100 1021 4167 mechis
1037 4111 1075 4168 vt
1092 4101 1192 4167 nichil
1206 4121 1275 4168 non

212 4257 323 4328 3qnod
342 4273 396 4312 om.
413 4258 442 4314 R
523 4258 622 4327 9port
638 4264 704 4310 runt
721 4253 787 4313 add.
801 4255 856 4312 hoc
872 4263 915 4314 est
934 4253 1066 4314 custodes
1081 4255 1230 4314 domorum
1243 4257 1282 4313 Ν

177 4343 210 4399 ²3
228 4327 386 4400 predictum
400 4329 426 4386 C
511 4341 547 4399 30
563 4325 643 4400 iuris]
655 4325 730 4383 viros
742 4327 771 4382 R
