3228 4868
201 286 230 352 11
247 286 280 352 iv
294 281 334 375 n]
572 285 639 352 DE
662 284 936 354 SCACCARIO
1241 295 1305 371 125

202 457 289 525 Sunt
305 467 339 522 et
356 457 422 522 alie
437 455 548 541 plures
559 457 792 524 excusationes
806 457 954 524 absentie
964 456 1175 538 vicecomitis,
1191 477 1308 526 neces..

201 563 287 628 sarie
308 561 445 644 quidem
468 569 503 626 et
523 561 653 646 legibus
675 561 901 643 determinate,
919 581 1001 645 quas
1019 581 1087 626 non
1107 561 1306 628 abdicamus

200 665 253 732 vel
284 664 506 742 excludimus,
534 665 639 730 immo
672 685 749 730 cum
781 666 980 731 sufficientes
1013 666 1084 731 vise
1120 665 1250 744 suerint,
1281 687 1303 732 a

200 767 382 835 maioribus
409 768 552 834 libenter
573 769 788 852 suscepimus.
833 767 901 835 Sed
923 769 985 834 has
1014 789 1080 853 que
1103 771 1206 834 menti
1229 790 1303 836 mee

200 894 236 938 se
251 874 294 938 ad
311 891 445 956 presens
462 871 655 957 optulerunt
669 873 763 957 quasi
778 873 1024 956 frequentiores,
1035 873 1182 956 exempli
1193 894 1292 942 causa
1294 905 1334 959 ‚5

201 975 412 1041 subiecimus.

242 1077 439 1159 Discipulus.
483 1079 611 1144 Videor
628 1098 673 1145 ex
691 1079 849 1164 predictis
868 1080 1073 1200 perpendere
1091 1082 1181 1164 quod
1197 1081 1308 1164 miles,

200 1180 252 1248 vel
268 1180 409 1266 quilibet
423 1181 506 1247 alius
518 1183 679 1250 discretus
680 1183 805 1266 ,possit
819 1204 840 1249 a
855 1204 933 1269 rege
946 1184 1140 1262 vicecomes,
1151 1183 1203 1250 vel
1219 1185 1302 1252 alius

200 1285 343 1352 balliuus
362 1286 476 1366 creari,
496 1287 597 1353 etiam
623 1287 651 1352 si
674 1287 720 1352 nil
745 1287 828 1352 ab
819 1307 892 1372 rpso
917 1288 1087 1372 possideat
1111 1289 1170 1354 sed
1193 1288 1302 1354 solum

199 1391 244 1456 ab
266 1391 348 1456 aliis.
1317 1405 1351 1460 rd

244 1493 422 1577 Magister.
468 1493 619 1560 Debetur
644 1491 707 1560 hec
732 1493 945 1580 prerogativa
970 1495 1141 1580 dignitatis
1169 1494 1302 1580 publice

200 1598 370 1682 potestati,
385 1607 422 1663 vt
439 1599 662 1681 cuiuscunque
679 1597 731 1675 sit,
748 1599 930 1682 cuicunque
948 1599 999 1665 vir
1015 1599 1133 1683 aliquis
1150 1599 1182 1664 in
1198 1619 1302 1684 regno

201 1702 324 1768 militet
344 1701 398 1767 vel
421 1701 592 1781 ministret,
607 1703 635 1766 si
657 1701 727 1785 regi
743 1703 947 1768 necessarius
968 1703 1058 1768 visus
1080 1701 1186 1784 suerit,
1201 1703 1304 1770 libere

202 1805 310 1890 possit
325 1806 448 1870 assumi
463 1816 498 1871 et
512 1805 610 1890 regiis
624 1805 791 1889 obsequiis
806 1807 968 1890 deputari.

210 1955 217 1964 .
242 1908 443 1992 Discrpulus.
486 1908 545 1974 Ex
559 1909 625 1975 hoc
636 1909 737 1976 etiam
748 1929 847 1974 cerno
858 1929 972 1976 verum
984 1929 1056 1975 esse
1070 1911 1162 1994 quod
1173 1909 1292 1978 dicitur
1315 1933 1345 1988 ¹5

374 2029 454 2095 ‘An
468 2029 576 2095 nescis
589 2029 707 2116 longas
723 2030 856 2114 regibus
870 2050 942 2096 esse
957 2049 1074 2096 manus
1083 2028 1116 2096 i’

245 2149 313 2216 Sed
336 2149 402 2214 iam
425 2169 522 2226 nunc,
538 2150 566 2214 si
586 2150 707 2235 placet,
722 2152 766 2216 ad
788 2152 919 2234 agenda
939 2149 1144 2216 vicecomitis
1164 2169 1337 2220 manumss

203 2254 335 2320 mittere
355 2273 423 2321 non
446 2253 588 2319 differas
632 2253 691 2318 Ad
721 2255 782 2319 hec
811 2255 909 2336 enim,
938 2264 974 2321 te
1002 2263 1169 2336 monente,
1190 2265 1298 2320 totam

204 2358 400 2422 attentionis
411 2357 607 2424 industriam
622 2357 689 2422 iarn
701 2357 819 2442 collegi
830 2357 937 2422 sciens
948 2378 992 2422 ex
1006 2357 1069 2424 hiis
1084 2359 1303 2425 excellentem

201 2461 356 2525 scaccarii
372 2461 554 2539 scientiam,
568 2461 655 2528 sicut
669 2462 857 2547 predictum
872 2471 933 2543 est,
948 2461 1068 2528 debere
1082 2462 1214 2548 requiri.
1316 2489 1348 2528 ιο

211 2648 216 2656 .
243 2563 420 2648 Magister.
465 2563 622 2631 Gratulor
651 2575 686 2631 te
716 2583 897 2630 memorem
925 2567 1182 2651 premissorum
1214 2569 1304 2635 vnde

202 2665 309 2734 fateor
323 2668 492 2753 languenti
506 2688 592 2752 pene
607 2666 735 2734 calamo
745 2677 780 2734 te
794 2667 947 2735 stimulos
957 2669 1125 2736 addidisse
1138 2695 1146 2750 ;
1169 2673 1303 2738 noueris

202 2779 315 2836 autem
331 2773 422 2855 quod
436 2773 630 2850 vicecomes,
646 2771 709 2837 nisi
725 2770 814 2836 facto
833 2773 926 2856 prius
941 2773 1104 2852 examine,
1116 2773 1302 2859 debitisque

201 2875 244 2940 de
266 2877 386 2958 quibus
408 2876 631 2942 summonitus
657 2883 709 2941 est
732 2875 858 2954 solutis,
883 2876 1027 2942 residere
1048 2897 1114 2942 uon
1135 2878 1237 2944 debet
1258 2879 1302 2943 ad

201 2989 405 3064 compotum.
450 2979 538 3046 Cum
564 2987 678 3045 autern
703 2981 879 3046 accesserit
908 2989 942 3046 et
967 2981 1034 3046 iarn
1060 2981 1219 3062 residerit,
1245 2981 1300 3058 alii
1316 3003 1347 3058 ²⁵

202 3082 412 3150 vicecomites
440 3083 671 3163 excludantur,
701 3093 736 3150 et
765 3083 909 3150 resideat
937 3083 1028 3149 solus
1057 3104 1134 3149 cum
1164 3085 1232 3150 suis
1257 3086 1301 3151 ad

200 3187 406 3272 interrogata
426 3207 649 3272 responsurus.
694 3189 873 3254 Prouideat
890 3198 1004 3254 autem
1026 3195 1063 3253 vt
1081 3188 1154 3273 ipsa
1172 3190 1227 3254 die
1247 3189 1301 3254 vel

199 3292 401 3376 precedente
415 3291 622 3358 debitoribus
639 3291 691 3356 sui
706 3291 884 3358 comitatus
901 3291 1091 3371 innotuerit,
1106 3312 1174 3375 qua
1189 3293 1243 3359 die
1258 3293 1302 3360 sit
1350 3283 1354 3290 ⁴

200 3394 244 3458 ad
269 3404 466 3480 compotum
487 3415 646 3476 sessurus,
668 3395 721 3461 vel
744 3396 846 3461 etiam
869 3395 956 3462 circa
977 3396 1114 3460 domum
1137 3397 1301 3477 scaccarii,

202 3497 256 3563 vel
269 3499 379 3564 vicum
394 3499 448 3564 vel
465 3499 587 3580 villam,
605 3519 687 3566 voce
706 3499 862 3585 preconia
880 3499 963 3583 ipsis
982 3499 1157 3565 denuntiet
1172 3521 1208 3565 se
1222 3511 1301 3566 tunc
1315 3513 1349 3577 se

199 3602 251 3666 vel
277 3612 357 3669 tunc
383 3621 559 3670 sessurum.
603 3603 709 3683 Tunc,
726 3603 918 3669 sedentibus
942 3611 976 3668 et
998 3603 1209 3670 audientibus
1229 3623 1301 3670 om-

199 3707 306 3787 nibus,
319 3706 553 3788 thesaurarius,
572 3707 640 3792 qui,
654 3708 738 3774 sicut
758 3707 885 3773 dictum
901 3715 962 3786 est,
978 3707 1106 3772 ratione
1120 3707 1218 3773 officii
1239 3707 1303 3773 sibi
1322 3709 1324 3716 '

198 3811 331 3878 videtur
350 3811 530 3888 aduersari,
544 3822 662 3895 querat
682 3811 709 3876 si
726 3820 863 3896 paratus
880 3818 932 3875 est
951 3810 1089 3877 reddere
1107 3821 1301 3896 compotum

199 3935 296 3980 suum
310 3935 320 3996 ς
342 3935 410 3998 quo
426 3916 655 3999 respondente,
671 3914 806 3980 ‘Presto
821 3913 916 3990 sum,'
930 3912 1050 3980 inserat
1069 3912 1301 3994 thesaurarius,

199 4018 286 4084 ‘Dic
302 4019 412 4103 igitur,
427 4017 462 4083 iu
476 4018 602 4103 primis,
615 4017 644 4085 si
658 4016 848 4098 elemosine
859 4015 886 4082 si
901 4016 1038 4096 decime
1048 4015 1076 4083 si
1091 4017 1300 4086 liberationes
1313 4041 1346 4094 35

236 4179 307 4250 sad
318 4196 435 4252 presens
448 4177 640 4262 seoptulerint
730 4178 757 4238 C
816 4175 993 4319 qussr]ets1
1007 4179 1042 4234 N
1128 4191 1161 4249 17
1178 4179 1288 4262 agenda

196 4251 388 4334 agendamN
453 4261 486 4320 25
505 4249 641 4307 recedent
649 4195 717 4305 filma
752 4263 787 4321 32
800 4247 883 4319 sicut]
897 4249 921 4306 si
934 4265 998 4305 cum
1011 4250 1049 4306 N
1097 4263 1131 4321 33
1143 4250 1287 4308 &uersam

198 4320 394 4380 aduersariiR
463 4335 659 4393 34sunmom.
671 4321 731 4378 NR
801 4319 1005 4393 thenuranus]
1017 4320 1228 4382 thesaurum
