3228 4868
181 309 323 402 rvris]
552 313 619 380 nn
643 311 919 382 scnccnmo
1241 330 1284 400 95

177 501 309 548 cessum
326 483 451 566 puniet,
466 504 507 550 ne
526 486 584 569 qui
602 495 741 570 presunt
760 483 833 551 aliis
852 484 935 550 lerre
954 484 1130 550 videantur
1146 485 1282 568 impune

180 589 273 671 quod
285 590 467 654 decernunt
482 589 516 652 in
531 589 606 654 aliis
622 589 838 673 puniendum.

223 691 422 775 Discrpulus.
467 693 524 757 Ex
545 693 608 758 hiis
631 691 840 758 manifestum
862 693 1027 778 estquod
1051 690 1212 759 Salomon
1233 691 1281 758 ait

181 795 295 861 ‘Mors
309 806 343 860 et
358 796 426 860 vita
441 795 475 860 in
490 797 643 862 manibus
663 793 793 880 lingue’
808 807 843 862 et
861 796 942 862 item
956 796 1112 878 Jacobus,
1128 795 1281 882 ‘Lingua

181 899 351 964 modicum
368 899 554 966 membrum
573 910 673 966 estet
688 919 810 983 magna
825 897 974 966 exaltat.¹
1298 929 1313 980 5

225 1003 401 1086 Magister.
445 1001 503 1068 Sic
535 1014 596 1079 est,
624 1014 676 1070 set
706 1023 945 1088 prosequamur
977 1003 1022 1069 de
1052 1001 1283 1088 dIgnitatibus.
1299 1013 1325 1065 D

181 1105 285 1171 Fiunt
305 1107 472 1172 interdum
491 1127 551 1192 per
570 1107 750 1173 comitatus
772 1127 966 1173 communes
988 1107 1092 1173 assise
1114 1129 1136 1173 a
1153 1106 1284 1172 iustitiis

180 1210 377 1288 errantibus,
386 1230 469 1293 quos
481 1231 541 1274 nos
552 1208 834 1276 deambulatorios
842 1210 896 1274 vel
906 1209 1144 1294 perlustrantes
1156 1209 1284 1275 iudices

182 1313 402 1391 nominamus,
430 1333 496 1396 que
525 1313 602 1378 ideo
630 1313 784 1378 dicuntur
811 1332 1005 1378 communes
1034 1313 1121 1397 quia,
1151 1313 1285 1397 cognita

181 1437 316 1500 summa
332 1436 398 1500 que
411 1418 456 1482 de
470 1415 628 1484 comitatu
649 1417 832 1501 requiritur,
847 1417 1069 1484 communiter
1082 1415 1126 1482 ab
1146 1416 1208 1482 hiis
1223 1417 1281 1501 qui
1301 1443 1332 1480 ιο

171 1521 217 1586 -ἰη
235 1521 396 1587 comitatu
416 1519 536 1586 fundos
550 1520 675 1588 habent
696 1541 756 1606 per
775 1520 871 1587 hidas
889 1520 1104 1600 distribuitur,
1125 1529 1161 1584 vt
1181 1519 1283 1585 nichil

182 1626 269 1692 desit
291 1626 334 1690 de
356 1623 413 1688 illa
436 1643 512 1690 cum
534 1633 670 1690 ventum
693 1623 789 1690 suerit
810 1626 854 1690 ad
877 1625 1077 1690 scaccarium
1099 1623 1284 1690 solutionis.

182 1729 243 1798 Ab
257 1729 320 1795 hiis
334 1729 489 1794 omnibus
507 1749 623 1794 omnes
642 1729 687 1793 hii
705 1729 763 1813 qui
783 1728 826 1794 ad
845 1729 1048 1795 scaccarium
1068 1749 1113 1794 ex
1127 1727 1285 1814 principis

183 1833 344 1899 mandato
372 1832 518 1898 resident
541 1831 697 1898 liberrimi
729 1843 817 1912 sunt,
846 1833 932 1900 adeo
961 1843 999 1902 vt
1026 1853 1093 1898 non
1123 1832 1232 1897 solum
1263 1851 1285 1897 a

181 1937 339 2004 dominiis
353 1937 421 2002 suis
436 1937 495 2002 sed
510 1935 611 2002 etiam
627 1937 671 2002 ab
683 1938 837 2004 omnibus
849 1936 955 2003 feodis
966 1936 1034 2002 suis
1050 1935 1150 2002 nichil
1166 1935 1284 2002 horum
1302 1967 1331 2022 ¹⁵

183 2041 347 2125 exigatur.
400 2039 438 2107 Si
460 2060 539 2107 vero
560 2041 619 2123 qui
644 2041 766 2106 residet
788 2040 835 2106 ibi
857 2039 997 2106 fundum
1019 2039 1152 2123 habeat,
1167 2038 1219 2106 vel
1240 2039 1285 2104 ad

184 2144 315 2211 firmam
332 2144 385 2210 vel
404 2145 438 2210 in
458 2145 644 2212 custodiam
663 2143 833 2210 ueletiam
854 2145 897 2210 ad
915 2145 1038 2229 pignus
1055 2165 1117 2228 pro
1132 2143 1283 2228 pecunia,

182 2251 269 2316 liber
283 2271 351 2315 non
369 2249 439 2328 erit,
453 2249 512 2314 sed
533 2249 640 2334 magis
660 2249 704 2314 de
724 2247 786 2313 hiis
806 2247 936 2332 legibus
958 2249 1098 2333 publicis
1118 2247 1287 2314 obnoxius

183 2354 253 2420 fiet.
295 2352 456 2438 Amplius
476 2364 591 2420 autem
605 2363 715 2438 preter
731 2352 793 2418 has
809 2351 891 2418 liber
907 2353 971 2419 erit
987 2353 1031 2418 ad
1046 2351 1246 2419 scaccarium
1266 2373 1288 2418 a

185 2459 337 2538 murdris,
351 2457 510 2542 scutagiis
525 2465 594 2523 eta
611 2456 814 2540 danegeldis
860 2455 961 2540 Quod
981 2465 1094 2522 autem
1112 2457 1156 2522 ad
1178 2456 1287 2542 ipsum
1303 2488 1335 2526 ro

185 2562 327 2647 pertinet
340 2583 363 2627 a
376 2581 508 2626 summa
522 2561 704 2626 constituta
717 2559 850 2627 decidet
862 2569 897 2626 et
910 2560 1097 2626 vicecomiti
1112 2571 1287 2644 computa-

184 2667 277 2734 bitur
292 2686 352 2750 per
365 2665 427 2731 hec
442 2665 552 2743 verba,
567 2663 628 2729 ‘Iu
643 2665 799 2748 perdonis
815 2685 875 2749 per
889 2663 991 2730 breue
1007 2665 1093 2748 regis
1108 2663 1155 2729 illi
1171 2665 1224 2730 vel
1238 2663 1288 2729 illi

184 2771 250 2837 boc
274 2769 329 2835 vel
351 2766 451 2848 illud,'
467 2788 544 2834 cum
566 2777 680 2834 tamen
702 2768 830 2834 nullum
859 2787 959 2853 super
983 2767 1048 2834 boc
1073 2769 1176 2833 breue
1201 2767 1288 2852 regis

184 2873 345 2940 babuerit
390 2871 519 2939 Caueat
533 2882 645 2938 autem
661 2871 714 2938 cui
730 2871 907 2938 dimittitur
921 2870 1046 2955 aliquid
1058 2869 1234 2955 aprincipe
1246 2889 1289 2935 ne

185 2989 305 3065 postea
315 2977 379 3044 sibi
390 2977 565 3044 dimissum
577 2977 751 3060 requirata
761 2976 914 3054 subditis,
924 2985 975 3042 set
987 2976 1094 3060 magis
1106 2994 1233 3040 memor
1244 2977 1288 3041 sit
1303 3005 1334 3058 ²⁵

185 3081 277 3148 verbi
300 3081 389 3147 illius
403 3079 583 3146 ‘dimittite
602 3091 638 3146 et
659 3075 892 3159 dimittemini,'
910 3079 990 3163 quia
1008 3099 1085 3144 cum
1107 3079 1171 3145 hoc
1189 3077 1289 3146 suerit

184 3184 439 3271 deprehensum,
455 3185 618 3268 princeps,
642 3182 835 3267 euangelica
857 3183 1022 3249 emulator
1043 3183 1205 3262 doctrine,
1228 3203 1289 3250 nec

184 3289 335 3356 dimittet
349 3309 436 3366 eum,
446 3309 507 3354 nec
518 3287 670 3355 debitum
688 3287 838 3354 dimittet
851 3287 892 3363 ei,
903 3297 955 3354 set
969 3285 1109 3354 forsitan
1124 3285 1159 3352 in
1170 3298 1288 3354 centu·

185 3394 281 3478 plum
304 3393 428 3478 puniet,
450 3392 531 3476 quia
553 3393 704 3478 impensa
726 3391 790 3457 sibi
813 3391 919 3475 gratia
939 3391 1073 3457 videtur
1094 3391 1189 3457 abuti
1211 3405 1326 3457 cumn

185 3500 232 3566 ab
246 3497 319 3564 aliis
333 3497 549 3563 irreuerenter
562 3497 670 3581 exigit
683 3497 776 3582 quod
791 3495 894 3582 gratis
908 3495 972 3562 sibi
987 3494 1160 3562 dimissum
1175 3503 1237 3562 est
1303 3517 1337 3568 30

230 3602 427 3686 Dirciprdus.
471 3599 612 3667 Dictum
627 3609 687 3679 est,
699 3600 727 3664 si
741 3599 828 3666 bene
840 3599 986 3679 memini,
997 3601 1089 3683 quod
1098 3599 1289 3682 quicunque

185 3705 275 3790 regis
303 3713 463 3791 precepto
492 3703 613 3771 residet
641 3704 686 3770 ad
715 3703 915 3770 scaccarium
941 3723 962 3768 a
991 3703 1191 3787 quibusdam
1217 3703 1291 3786 lege

184 3807 417 3877 determinatis
432 3808 560 3874 ratione
570 3807 725 3874 sessionis
735 3805 819 3872 liber
829 3817 890 3874 est.
934 3805 1104 3872 Additum
1116 3813 1167 3872 est
1179 3807 1291 3886 etiam,

184 3913 214 3980 si
229 3913 316 3979 bene
329 3912 452 3992 recolo,
467 3913 639 3978 considere
654 3909 854 3978 scaccarium
866 3911 900 3976 in
915 3911 1059 3984 termino
1075 3911 1211 3989 Pasche,
1222 3930 1290 3976 non

186 4027 302 4084 tamen
331 4036 398 4101 que
426 4016 493 4082 illic
523 4013 607 4082 fiunt
628 4017 766 4082 omnino
787 4013 968 4092 terminari,
993 4023 1045 4081 set
1070 4035 1186 4080 eorum
1210 4035 1290 4082 con·
1305 4031 1336 4087 3⁵

222 4222 241 4279 6
260 4220 308 4278 Sic
320 4229 362 4277 est
374 4235 429 4276 om.
440 4220 469 4274 R
540 4220 632 4290 7post
650 4217 736 4273 Fiunt
745 4215 811 4272 add
824 4226 921 4273 tamen
935 4217 960 4273 C
1039 4231 1081 4285 ιο,
1093 4231 1123 4274 ιι
1141 4217 1292 4292 requiritur

187 4289 438 4350 ...comitatum
452 4291 480 4346 R
595 4301 630 4358 23
649 4287 957 4360 superhocnullumC
1070 4287 1182 4361 aynec]
1195 4290 1293 4346 nonR

188 4363 331 4436 35quiR
407 4358 1170 4432 seteorumcon...termiuosanctiM...Cmorg.
