3210 4864
166 294 269 348 carr.
287 295 358 348 na.
374 279 404 370 1]
530 282 598 349 DE
621 282 900 360 SCACCARIO.
1221 303 1262 404 ⁵?

164 453 289 544 virum,
314 463 384 520 tam
414 453 592 540 singularis
627 459 777 540 potentie
810 455 1002 543 principem,
1032 457 1117 524 inter
1154 467 1264 548 cetera

166 559 294 623 maiora
314 558 375 623 bec
397 559 499 624 etiam
521 579 662 626 curasse.
708 561 798 628 Sane
818 561 1018 628 scaccarium
1043 563 1109 628 suis
1135 561 1264 649 legibus

164 681 232 726 non
257 669 384 726 temere
408 673 460 729 set
485 683 683 750 magnorum
712 665 973 731 consideratione
997 666 1148 733 subsistit
1172 665 1265 734 cuius

165 763 252 829 ratio
276 764 304 830 si
330 777 475 832 serueter
502 768 538 832 in
566 769 720 834 omnibus
749 777 907 854 poterunt
936 767 1073 854 singulis
1102 791 1163 837 sua
1192 769 1264 836 iura

165 867 288 932 seruari
313 878 347 934 et
373 869 433 934 tibi
458 869 555 955 plene
579 872 776 956 proueniant
804 893 872 956 que
896 869 976 938 fisco
1002 873 1173 953 debentur,
1196 893 1291 968 que5

164 972 272 1054 possit
301 981 466 1056 oportune
493 973 699 1040 nobilissime
727 975 850 1042 mentis
878 983 936 1042 tue
964 975 1116 1042 miuistra
1144 996 1262 1042 manus

164 1073 344 1141 mandere.

436 1298 615 1384 [Incipiunt
630 1299 775 1386 capitula
790 1301 864 1371 libri
879 1299 990 1387 primi.

209 1467 237 1532 I.
260 1465 352 1550 Quid
366 1468 410 1535 sit
424 1470 624 1536 scaccarium
638 1479 672 1536 et
686 1490 752 1554 que
767 1471 852 1536 ratio
866 1471 964 1536 huius
978 1467 1129 1536 nominis.

209 1610 379 1698 11.Quod
407 1614 499 1681 aliud
528 1623 579 1681 est
607 1615 740 1686 inferius
769 1625 871 1701 atque
898 1615 990 1686 aliud
1019 1613 1169 1700 superius
1194 1634 1259 1680 vna
1276 1649 1306 1686 10

163 1724 277 1782 tamen
298 1719 392 1801 origo
413 1719 593 1804 vtriusque.

208 1863 275 1928 III.
297 1864 373 1950 Que
387 1864 429 1930 sit
438 1865 523 1932 ratio
531 1865 584 1931 vel
596 1864 759 1933 institutio
769 1865 993 1950 inferiorisper
1004 1865 1133 1950 singula
1142 1863 1259 1932 officia.

209 2007 294 2074 1111.
317 2010 394 2096 Que
415 2011 458 2076 sit
479 2011 657 2078 auctoritas
679 2010 855 2096 superioris
870 2019 906 2078 et
922 2011 1010 2078 vnde
1031 2009 1172 2095 sumpsit
1194 2011 1259 2076 ori·

163 2133 285 2196 grnem.

206 2258 247 2324 V.
272 2257 374 2343 Quod
405 2259 449 2324 sit
480 2259 626 2326 officium
658 2257 852 2344 presidentis
881 2257 915 2322 in
945 2256 1003 2323 illo
1033 2266 1068 2324 et
1096 2279 1164 2342 que
1192 2259 1259 2324 sint
1276 2292 1303 2341 ¹5

161 2362 369 2448 singulorum
391 2363 454 2428 sibi
477 2363 692 2430 assidentium
713 2363 827 2429 officia

204 2507 267 2574 VI.
291 2508 375 2594 Quis
388 2510 432 2576 sit
445 2519 540 2577 tenor
554 2510 705 2576 breuium
721 2509 806 2595 regis
821 2507 984 2576 factorum
999 2508 1043 2572 ad
1058 2509 1258 2575 scaccarium

162 2612 234 2677 siue
253 2614 297 2679 de
316 2615 409 2680 exitu
428 2613 576 2680 thesauri
595 2613 664 2680 slue
682 2613 725 2678 de
740 2610 982 2697 computandis,
997 2611 1068 2677 siue
1081 2611 1124 2676 de
1139 2612 1258 2696 perdo-

163 2717 293 2783 nandis.

205 2861 285 2927 VII.
307 2861 344 2926 A
365 2862 485 2946 quibus
506 2870 540 2926 et
561 2862 605 2926 ad
626 2859 708 2946 quid
729 2861 881 2928 instituta
901 2859 965 2926 luit
985 2859 1114 2945 argenti
1133 2860 1256 2926 exami-
1274 2894 1304 2930 ιο

162 2966 269 3046 nacio,
282 2973 334 3031 set
348 2965 412 3031 hoc
427 2965 616 3032 incidenter.

205 3109 305 3175 VIII.
328 3109 406 3194 Que
429 3110 495 3177 sint
516 3111 586 3176 iura
607 3119 642 3176 et
663 3109 845 3194 dignitates
865 3107 1078 3175 residentium
1101 3107 1145 3172 ad
1166 3071 1257 3174 scac-

160 3213 286 3278 carium
301 3213 355 3278 vel
374 3235 418 3278 ex
438 3214 547 3280 officio
561 3211 614 3280 vel
632 3233 677 3278 ex
694 3212 765 3279 solo
780 3212 865 3298 regis
880 3212 1048 3292 mandato,
1063 3219 1097 3277 et
1111 3213 1256 3295 quedam

160 3317 340 3382 incidentia
354 3317 543 3383 necessaria.

206 3461 268 3527 IX.
293 3461 385 3546 Quid
400 3462 587 3548 scutagium
601 3471 636 3529 et
650 3482 754 3546 quare
768 3462 815 3528 sic
829 3463 966 3530 dIcatur.
1271 3490 1300 3541 25

206 3605 251 3671 X.
275 3603 366 3691 Quid
382 3608 551 3673 murdrum
567 3615 600 3672 et
614 3627 716 3692 quare
730 3606 776 3674 sic
791 3607 928 3673 dictum.

204 3753 269 3820 XI.
292 3751 382 3839 Quid
401 3728 623 3840 danegeldum
642 3763 677 3820 et
697 3773 799 3837 quare
812 3753 859 3819 sle
874 3753 1080 3819 nominatum
1095 3752 1147 3820 vel
1163 3753 1255 3819 iusti·

160 3867 282 3924 tutum.

204 4011 286 4078 XII.
309 4011 402 4096 Quid
417 4010 540 4078 foresta
554 4011 640 4095 regis
655 4018 690 4077 et
705 4031 770 4095 que
785 4011 871 4078 ratio
885 4008 1129 4094 appellationis.

194 4237 306 4308 pQuid
327 4277 334 4293 .
353 4277 361 4294 .
382 4277 389 4294 .
409 4236 531 4294 nominis
550 4236 614 4293 add
638 4233 686 4292 Nl
770 4249 802 4294 12
821 4233 895 4310 Que]
917 4236 994 4310 Quid
1011 4235 1069 4293 CN
1142 4237 1177 4294 26
1190 4237 1258 4309 post

159 4309 264 4367 dictum
281 4309 444 4368 addestc

203 4424 319 4457 uruca.
702 4407 717 4460 Ι
