3228 4868
164 313 218 368 zv
232 301 267 388 s]
534 301 603 368 os
626 299 900 371 scnccnmo
1228 319 1268 388 77

165 474 244 540 libri
262 473 370 560 aperti
392 475 489 540 e'runt
508 475 546 540 'et
569 473 669 542 ianua
690 475 815 542 clausa.
861 474 922 542 Set
948 477 991 542 de
1013 475 1077 542 hiis
1099 475 1268 544 hactenus.

166 577 269 644 Nunc
288 597 530 663 prosequamur
549 577 593 644 de
612 577 733 644 officiis.
780 578 860 644 Post
880 577 1043 662 huncqui
1063 577 1197 646 calculis
1217 581 1304 645 in·0

166 680 269 746 seruit
291 681 417 764 primus
439 680 563 747 residet
584 701 628 746 ex
660 679 771 747 officio
799 681 936 748 clericus
965 683 1022 766 qui
1045 694 1156 767 preest
1180 687 1267 769 regis

165 785 348 869 scriptorio.
385 785 445 850 Ad
460 784 550 850 hunc
564 785 708 870 pertinet
721 785 897 870 scriptores
912 787 1050 851 idoneos
1064 789 1108 854 ad
1123 788 1267 854 rotulum

166 888 364 956 cancellarie
378 898 414 953 et
428 889 472 954 ad
487 888 603 955 breuia
617 890 703 972 regis
717 909 784 973 que
799 889 833 954 in
846 891 1011 955 scaccario
1021 888 1115 969 fiunt,
1126 912 1187 956 nec
1202 913 1267 957 non
1281 921 1296 972 5

165 1001 202 1058 et
222 993 499 1058 summonitiones
521 991 774 1058 conscribendas
796 992 950 1071 inuenire,
965 1001 1000 1059 et
1021 1002 1058 1058 vt
1079 992 1165 1058 bene
1187 993 1268 1060 fiant

165 1095 373 1180 prospicere3
403 1114 470 1178 que
498 1095 634 1178 quidem
664 1093 780 1171 officia,
804 1095 882 1161 licet
903 1097 1018 1180 paucis
1040 1097 1268 1181 exprimantur

165 1199 284 1278 verbis,
299 1197 436 1264 infinitis
450 1207 564 1264 tamen
581 1198 642 1264 vix
656 1198 785 1281 expleri
806 1209 947 1282 possunt
965 1199 1154 1281 laboribus5
1176 1203 1268 1286 quod

166 1312 289 1369 norunt
303 1302 350 1367 hii
371 1301 427 1385 qui
448 1301 510 1366 hec
530 1303 603 1386 ipsa
620 1321 731 1366 rerum
750 1301 955 1384 experientia
972 1303 1167 1370 didicerunt.
1212 1303 1268 1370 Sic

165 1403 270 1472 habes
285 1403 395 1471 officia
409 1404 643 1489 dispositorum
659 1403 693 1468 in
707 1404 854 1470 secundo
868 1404 972 1471 sedili.
1283 1435 1315 1474 1ο

209 1507 408 1592 Discipulus.
454 1507 493 1575 Si
514 1506 600 1572 bene
622 1507 758 1573 memini
780 1507 907 1592 primus
931 1509 974 1574 ad
999 1508 1172 1575 dexteram
1195 1529 1268 1594 pre·

165 1612 304 1678 sidentis
332 1611 453 1678 residet
476 1609 714 1677 Wintoniensis
739 1611 922 1696 episcopus,
949 1611 1208 1698 cuiusofficium
1234 1615 1268 1678 in

165 1717 332 1782 scaccario
353 1715 475 1782 vellem
502 1713 654 1798 protinus
676 1714 836 1798 expediri.
881 1714 1024 1799 Magnus
1048 1717 1135 1782 enirn
1159 1727 1211 1783 est
1233 1729 1267 1784 et

166 1819 229 1886 uisi
246 1820 375 1903 magnis
390 1818 544 1904 occupari
561 1839 626 1884 non
641 1819 754 1884 debet.

209 1923 384 2006 Magister.
430 1922 575 2007 Magnus
597 1931 648 1988 est
669 1921 784 2006 procul
800 1921 903 1988 dubio
920 1930 955 1988 et
973 1923 1102 2006 magnis
1121 1923 1313 2004 intentus15

167 2027 201 2092 in
242 2026 347 2093 multa
385 2026 579 2092 distrahitur
613 2027 699 2093 sicut
733 2026 767 2090 in
801 2025 1008 2092 Tricolumni
1051 2027 1181 2113 plenius
1217 2038 1269 2095 est

166 2141 346 2197 ostensum
392 2131 458 2196 Hic
478 2139 557 2194 ante
579 2139 732 2213 tempora
754 2130 972 2214 promotionis
993 2130 1076 2196 dum
1098 2133 1198 2216 paulo
1220 2133 1268 2197 in·

164 2236 263 2302 letior
289 2235 323 2327 iu
347 2234 433 2318 regis
460 2235 549 2300 curia
575 2234 741 2313 militaret,
765 2235 856 2299 visus
882 2244 933 2300 est
957 2234 1025 2300 fide
1049 2244 1084 2301 et
1107 2237 1302 2304 industriae

165 2339 263 2422 regiis
285 2339 427 2422 negotiis
449 2337 650 2404 necessarius
672 2347 706 2403 et
728 2338 763 2402 in
785 2339 1091 2423 computationibus
1112 2350 1213 2424 atque
1234 2342 1268 2406 in

165 2442 349 2507 rotulorum
375 2452 410 2506 et
435 2441 586 2506 breuium
610 2441 779 2525 scripturis
804 2443 886 2508 satis
908 2441 1016 2508 alacer
1036 2452 1071 2508 et
1092 2442 1268 2510 officiosus.
1284 2478 1315 2514 ιο

165 2545 264 2611 Vnde
290 2547 387 2612 datus
413 2553 464 2611 est
490 2546 521 2610 ei
546 2545 640 2611 locus
668 2547 711 2610 ad
742 2545 828 2611 latus
857 2544 1057 2621 thesaurarii,
1080 2555 1117 2611 vt
1144 2545 1269 2613 scilicet

165 2650 328 2734 scripture
353 2649 535 2714 rotulorum
561 2659 595 2715 et
619 2648 681 2713 hiis
707 2649 860 2714 omnibus
883 2668 959 2713 cum
981 2648 1055 2732 ipso
1077 2649 1269 2715 intenderet.

166 2753 405 2819 Thesaurarius
424 2751 559 2836 quidem
580 2762 633 2818 tot
652 2761 688 2818 et
707 2752 809 2818 tantis
829 2752 915 2816 curis
937 2761 971 2817 et
992 2751 1268 2819 sollicitudinibus

165 2875 227 2939 per
258 2857 372 2922 omnia
404 2855 599 2922 distrahitur
628 2864 665 2922 vt
693 2853 744 2920 sas
772 2853 816 2920 sit
848 2855 1013 2920 interdum
1048 2863 1144 2920 tanto
1176 2856 1268 2939 operi

165 2961 343 3044 subrepere
372 2979 559 3042 sompnum.
607 2959 648 3024 In
677 2957 834 3024 humanis
862 2957 965 3023 etiam
995 2958 1181 3023 actionibus
1209 2960 1268 3023 vix
1284 2991 1313 3042 25

166 3063 290 3148 aliquid
312 3072 364 3128 est
385 3081 621 3148 usquequaque
643 3063 835 3145 perlectum.
1208 3099 1209 3104 κ

209 3166 403 3250 Dzsczpulus.
449 3165 540 3250 Quid
559 3175 610 3232 est
630 3166 720 3249 quod
741 3163 848 3231 dicis?
892 3164 965 3230 Nec
985 3163 1073 3229 enim
1094 3165 1171 3230 noui
1189 3165 1268 3248 quid

165 3271 210 3338 sit
226 3271 457 3336 Tricolumnis.
1297 3269 1298 3274 ’
1415 3277 1417 3280 ’

209 3373 386 3458 Magum.
430 3371 578 3438 Libellus
604 3372 738 3456 quidam
761 3378 813 3436 est
834 3391 855 3436 a
877 3371 974 3436 nobis
995 3381 1163 3456 utcunque
1184 3381 1269 3437 tern-

135 3515 138 3525 ·
167 3499 250 3563 pore
278 3477 459 3543 iuuentutis
485 3477 593 3542 editus
615 3477 657 3542 de
678 3476 847 3558 tripartita
872 3475 963 3560 regni
985 3473 1110 3560 Anglie
1131 3475 1268 3540 historia
1282 3505 1314 3555 30

167 3583 230 3648 sub
249 3581 368 3647 illustri
386 3580 575 3664 Anglorum
596 3599 674 3664 rege
691 3579 840 3644 Henrico
855 3579 1012 3645 secundo.
1058 3578 1177 3663 Quem,
1192 3579 1268 3662 quia

167 3704 227 3770 per
256 3693 324 3750 tres
352 3672 548 3767 columpnas
576 3703 636 3768 per
666 3681 857 3748 uniuersum
887 3681 1092 3766 digessimus,
1120 3682 1269 3746 diximus

166 3787 429 3855 Tricolumnum.
490 3787 530 3851 In
555 3787 664 3869 prima
686 3785 822 3870 quidem
849 3785 893 3851 de
919 3785 1055 3853 ecclesie
1080 3785 1269 3870 Anglicane

166 3892 309 3976 negotiis
324 3891 473 3976 plurimis
488 3899 521 3956 et
536 3891 579 3955 de
597 3888 761 3954 nonnullis
778 3889 944 3972 rescriptis
958 3889 1047 3953 sedis
1061 3887 1268 3971 Apostolice.

202 4065 339 4134 4hucN
368 4061 641 4134 7officia]offeraR
702 4063 932 4120 saeuiusom.R
994 4077 1026 4132 14
1044 4061 1266 4120 deberem:

167 4137 311 4194 debentC
401 4147 432 4205 15
452 4137 600 4191 est0m.R
702 4147 734 4202 17
753 4135 891 4190 offensum
904 4135 932 4188 R
1035 4131 1115 4204 ante]
1129 4144 1224 4204 autem
1237 4135 1272 4189 N

166 4205 416 4281 procurationisN
462 4220 498 4260 20
509 4205 632 4261 allocN
670 4206 841 4277 240pereC
881 4217 914 4275 25
927 4201 1026 4276 etiam]
1039 4215 1133 4260 autern
1146 4205 1183 4259 N
1233 4219 1267 4274 29

166 4279 322 4405 quidsz
387 4277 620 4348 temporeom.C
694 4290 726 4346 31
748 4273 854 4347 Quem]
867 4275 970 4346 QueC
1043 4289 1077 4346 33
1093 4275 1267 4346 Tricolump·

166 4367 225 4408 nun
