3228 4868
180 274 340 371 nxivs]
551 280 619 347 DE
643 278 917 350 SCACCARIO
1220 301 1283 369 147

181 475 246 538 que
264 453 353 521 licite
367 453 556 520 venduntur
575 461 652 520 sunt
671 473 786 520 eorum
806 453 943 524 mobilia
959 474 999 524 ac
1017 475 1091 524 sese
1105 455 1284 524 monentia.

182 557 303 642 Qualia
324 566 401 623 sunt
424 577 551 637 aurum,
572 565 748 641 argentum
769 567 804 624 et
829 579 876 624 err
899 557 961 624 biis
981 579 1063 625 uasa
1088 561 1282 646 composita,

181 662 309 747 lapides
326 681 461 746 quoque
479 661 614 747 pretiosi
633 671 667 727 et
687 661 867 728 mutatoria
880 664 1153 730 vestimentorum
1170 673 1205 728 et
1222 664 1285 731 hiis

180 766 310 834 similia.
356 765 443 832 Item
457 785 617 850 equorum
632 775 809 851 utrumque
825 785 940 852 genus,
953 767 1084 834 usuales
1103 768 1230 834 scilicet
1250 779 1284 836 et

181 869 344 952 indomiti,
357 879 508 936 armenta
522 889 659 954 quoque
678 871 786 938 boun
801 890 842 935 ac
861 889 979 956 greges
996 872 1110 936 ouium
1125 881 1161 938 et
1174 879 1312 940 ceteras

178 973 369 1040 huiusmodi
381 995 390 1054 ;
419 971 551 1058 frugum
577 974 678 1040 etiam
704 982 740 1039 et
764 975 971 1057 quorundam
993 974 1185 1040 victualium
1212 994 1283 1041 mo·

179 1078 256 1146 bilis
282 1087 333 1144 est
358 1088 485 1156 natura,
510 1087 546 1143 vt
570 1077 696 1146 scilicet
720 1079 824 1144 libere
848 1079 948 1144 vendi
972 1079 1110 1163 possint,
1133 1079 1285 1148 deductis

180 1181 371 1250 necessariis
389 1181 577 1265 sumptibus
596 1181 754 1248 debitoris
771 1184 815 1248 ad
833 1181 904 1248 sola
921 1181 1086 1259 victualia,
1101 1169 1167 1246 boc'
1182 1193 1233 1248 est
1248 1193 1284 1249 ut

179 1285 367 1353 necessitati
387 1306 454 1352 non
468 1284 698 1371 superfluitati,
712 1296 747 1354 et
768 1288 849 1354 item
865 1296 903 1354 vt
923 1296 1041 1354 nature
1059 1287 1198 1354 satisfiat
1217 1309 1283 1354 non

177 1389 313 1474 crapule
329 1409 338 1469 ;
355 1408 416 1455 nec
436 1387 498 1455 soli
514 1389 656 1456 debitori
672 1391 732 1457 sed
746 1391 844 1458 uxori
860 1391 931 1456 eius
950 1399 986 1458 et
1000 1390 1077 1456 filiis
1091 1411 1132 1458 ac
1148 1389 1281 1466 familie,
1299 1405 1329 1442 10

178 1513 279 1578 qoam
303 1493 395 1578 prius
420 1493 618 1561 exhibuerat
641 1494 723 1561 dum
747 1494 812 1562 sibi
837 1494 971 1572 uiueret,
995 1493 1073 1562 hinc
1101 1495 1284 1563 necessaria

179 1597 416 1663 ministrantur.

221 1685 418 1784 Dircrbulus.
464 1698 577 1784 Quare
591 1700 677 1766 dicis
690 1702 924 1785 quorundam?
997 1787 1002 1798 .
1296 1697 1317 1746 Β

221 1803 397 1889 Magister.
440 1802 615 1880 Victualis,
638 1804 772 1890 queflab
798 1805 846 1872 eis
871 1805 1047 1874 cotidianis
1070 1805 1183 1872 usibus
1208 1826 1282 1890 pre·

179 1917 336 1994 parantur
358 1917 394 1974 et
415 1928 481 1993 que
502 1907 572 1974 sine
596 1907 648 1976 sui
670 1909 854 1976 mutatione
877 1909 993 1978 esibus
1013 1911 1282 1990 accomodantur,
1297 1930 1327 1982 1⁵

178 2013 290 2097 qualia
314 2020 392 2078 sunt
421 2013 515 2096 panis
544 2019 578 2078 et
604 2022 711 2097 potus
738 2012 830 2079 nulla
854 2013 1108 2081 ratione·vendi
1133 2024 1282 2100 possunt.
1396 2067 1398 2072 .

177 2116 379 2184 Victualium
399 2115 501 2203 igitur
518 2137 559 2182 ea
578 2117 766 2197 dumtaxat,
780 2137 847 2202 que
864 2125 976 2202 preter
990 2137 1068 2182 usus
1083 2118 1282 2185 necessarios

178 2221 221 2288 ab
236 2221 316 2306 ipsis
331 2221 475 2287 dominis
490 2215 687 2287 reseruanda
701 2221 838 2301 fuerant,
853 2230 891 2288 vt
904 2221 1037 2288 venalia
1051 2220 1178 2302 fierent,
1192 2221 1283 2288 licite

177 2327 373 2404 venduntur,
388 2323 499 2408 qualia
512 2333 590 2390 suut
604 2343 718 2390 carnes
731 2323 801 2391 sale
814 2324 958 2408 condite,
973 2324 1068 2402 casei,
1085 2325 1194 2406 mella,
1203 2325 1283 2392 vina

178 2439 212 2496 et
233 2429 295 2496 biis
317 2427 447 2494 similia.
494 2427 541 2494 Et
560 2435 640 2494 nota
659 2428 798 2514 quodsi
818 2428 952 2494 debitor
970 2428 1026 2494 ille
1044 2428 1101 2512 qui
1120 2428 1282 2496 soluendo
1295 2450 1326 2488 πο

178 2552 245 2598 non
262 2543 320 2612 est,
336 2531 455 2599 militie
472 2530 642 2616 cingulum
663 2531 767 2598 semel
787 2531 976 2616 optinuerit,
994 2533 1136 2599 venditis
1158 2531 1282 2616 ceteris,

177 2655 282 2720 equus
306 2646 419 2702 tamen
445 2636 486 2718 ei,
509 2654 576 2700 non
601 2633 741 2720 quilibet
760 2643 812 2700 set
832 2654 917 2701 vnus
938 2633 1112 2715 vsrralium,
1135 2655 1281 2702 reserua-

178 2740 275 2816 bitur,
305 2759 358 2822 ne,
378 2740 435 2824 qui
463 2739 627 2824 dignitate
659 2737 765 2806 lactus
794 2747 845 2806 est
873 2759 985 2823 eques,
1007 2741 1112 2826 pedes
1144 2751 1281 2826 cogatur

178 2842 337 2910 incedere.
381 2842 483 2927 Quod
504 2843 533 2910 si
555 2841 650 2908 mileo
670 2843 833 2910 eiusmodi
854 2840 951 2908 luerit
975 2881 977 2884 -

232 3017 235 3023 ,
265 2954 386 3032 ‘quem
401 2948 493 3014 iuuet
510 2965 677 3012 armorum
690 2946 792 3012 decor
809 2955 844 3011 et
859 2950 952 3012 iuuet
966 2965 1044 3014 usus
1058 2943 1192 3024 eorum‚'
1295 2964 1324 3016 2⁵

177 3060 212 3116 et
226 3051 294 3137 qui,
308 3051 432 3116 meritis
446 3049 665 3135 exigentibus,
679 3047 800 3116 debeat
815 3048 900 3114 inter
917 3058 1067 3114 strenuos
1086 3047 1279 3133 computari,

177 3163 250 3223 tota
278 3155 329 3220 sni
357 3153 506 3240 corporis
532 3161 699 3220 armatura
727 3171 803 3220 cum
832 3150 923 3237 equ'm
951 3153 996 3218 ad
1026 3151 1061 3218 id
1091 3149 1281 3218 necessariis

176 3279 198 3326 a
211 3259 437 3327 venditoribus
455 3257 517 3324 erit
537 3255 713 3334 liberrima,
726 3265 771 3332 vt,
786 3275 865 3324 cum
878 3256 1072 3341 oportuerit,
1086 3257 1129 3324 ad
1145 3258 1232 3345 regis
1247 3268 1281 3325 et

177 3363 271 3449 regui
285 3363 419 3448 negotia
433 3361 533 3427 armis
547 3369 582 3427 et
596 3358 688 3445 equis
704 3359 880 3426 instructus
896 3360 1001 3446 possit
1016 3360 1147 3427 assumi.

306 3463 366 3532 ‘Si
382 3475 494 3533 tamen
509 3464 565 3534 bic
579 3464 669 3532 idem
683 3464 737 3530 cui
750 3464 809 3530 lex
823 3465 858 3531 in
872 3473 966 3551 parte
980 3463 1147 3554 pepercit’
1293 3485 1324 3536 3⁰

177 3569 292 3637 audita
321 3570 517 3636 necessitate
546 3569 634 3653 regis
662 3566 716 3634 vel
743 3570 847 3652 regni,
872 3569 1068 3636 delitescens
1096 3591 1133 3637 se
1162 3568 1280 3637 absen-

176 3673 306 3754 tauerit,
325 3675 379 3739 vel
400 3675 443 3740 ad
464 3672 529 3738 hoc
546 3679 682 3738 vocatus
703 3690 771 3736 non
790 3673 926 3756 venerit,
947 3673 995 3740 sic
1017 3683 1131 3739 tamen
1153 3681 1191 3738 vt
1213 3691 1282 3738 non
1349 3741 1353 3753 ,

174 3775 316 3862 propriis
330 3779 391 3842 sed
404 3776 503 3861 regiis
521 3775 695 3860 stipendiis
716 3773 845 3856 militet,
859 3786 894 3844 et
910 3777 1081 3844 euidenter
1094 3775 1281 3842 absentiam

173 3900 270 3950 suam
293 3900 361 3947 non
382 3865 597 3956 excusaue'rit,
614 3897 675 3946 nec
696 3879 741 3944 ab
762 3877 828 3945 biis
844 3880 1032 3948 venditores
1047 3878 1283 3964 temperabunt

174 3993 226 4052 set
257 3983 330 4050 solo
359 3992 534 4052 contentus
562 4003 650 4068 equo
680 3991 816 4070 propter
844 3983 962 4051 militie
990 3983 1188 4067 dignitatem
1218 3981 1281 4048 sibi
1294 4001 1326 4053 ³5

211 4237 296 4296 abiis
308 4237 399 4294 Μ
469 4233 690 4305 71ibereonuc
741 4232 984 4306 rosolilenimC
1023 4187 1285 4304 'ravictunlibusc

177 4307 462 4382 18iuerant1suutC
525 4320 559 4363 aa
578 4303 792 4378 vouszrusN
850 4321 884 4378 32
891 4307 1039 4379 posterius
1049 4322 1107 4364 non
1118 4309 1213 4366 ortuli
