3228 4868
174 306 247 374 rin
263 301 301 397 n]
545 308 612 375 ou.
636 307 910 378 scaccnmo
1237 314 1279 400 89

218 439 421 562 Discrbulvn
458 476 493 543 A
518 479 640 563 quibus
664 479 717 546 vel
743 480 788 547 ob
812 501 914 567 quam
941 501 1011 548 rem
1038 481 1190 550 instituta
1214 448 1342 578 iuitXli

171 582 384 649 examinatio
398 581 462 647 bec
475 582 529 648 vel
544 585 756 650 combustio?

217 685 397 769 Magister.
441 686 490 752 Vt
513 688 556 753 de
578 687 641 754 hiis
665 689 725 754 tibi
749 697 900 754 constare
923 689 1027 773 possit
1052 689 1154 775 paulo
1179 689 1279 758 altius
1373 711 1376 716 “

173 790 348 855 oriendum
363 800 424 858 est
463 789 556 858 Sicut
566 792 727 858 traditum
743 792 904 860 habemus
915 794 1104 878 apatribus,
1119 795 1153 860 in
1165 795 1278 879 primi·

173 893 248 958 tiuo
265 893 357 978 regni
376 904 468 960 statu
487 904 564 978 post
583 895 854 978 conquisitionem
875 897 1007 981 regibus
1025 899 1068 964 de
1086 897 1196 963 fundis
1210 899 1306 966 suist

164 999 244 1062 'uon
262 997 334 1061 auri
347 996 400 1064 vel
415 999 543 1084 argenti
558 1000 706 1082 pondera
723 999 782 1065 sed
798 999 871 1066 sola
885 999 1040 1068 victualia
1053 1002 1278 1080 abluebantur,

172 1119 219 1164 ex
241 1100 363 1183 quibus
385 1100 418 1166 in
433 1123 511 1168 vsus
530 1103 715 1170 cotidianos
736 1104 857 1169 domus
875 1105 965 1190 regie
982 1106 1167 1174 necessaria
1183 1107 1279 1171 mini·

173 1205 376 1288 otiabantur,
386 1214 421 1270 et
432 1217 594 1273 nouerant
605 1208 663 1291 qui
675 1206 719 1272 ad
731 1206 792 1272 hec
805 1209 957 1294 deputati
973 1207 1102 1274 fuerant
1114 1221 1277 1294 quantum

173 1308 218 1374 de
238 1307 377 1392 singulis
397 1308 508 1374 fundis
529 1312 753 1394 proueniebat
799 1311 958 1379 Ceterum
981 1314 1025 1378 ad
1045 1313 1211 1396 stipendia
1224 1315 1278 1380 vel

172 1411 334 1478 donatiua
359 1412 502 1478 militum
528 1415 631 1480 etad
657 1415 723 1480 alia
747 1417 931 1482 necessaria
956 1417 1000 1482 de
1025 1417 1155 1502 placitis
1184 1418 1277 1502 regni
1293 1439 1323 1476 ιο

171 1515 225 1580 vel
248 1515 534 1596 conuentionibus,
553 1525 588 1583 et
607 1537 652 1582 ex
671 1518 859 1586 ciuitatibus
876 1519 929 1584 vel
949 1519 1094 1587 castellis
1115 1543 1137 1587 a
1158 1522 1277 1607 quibus

172 1616 376 1700 agricultura
386 1639 453 1684 non
465 1622 695 1704 exercebatur,
706 1623 844 1706 pecunia
856 1633 1029 1690 numerata
1040 1626 1275 1692 succrescebat.

172 1721 266 1788 Toto
285 1722 384 1806 igitur
401 1724 487 1808 regis
501 1723 660 1790 Willelmi
681 1725 779 1810 primi
799 1737 950 1811 tempore
971 1728 1194 1811 perseuerauit
1215 1729 1277 1796 bec

172 1825 341 1893 institutio
355 1847 459 1912 vsque
479 1829 522 1893 ad
537 1837 691 1914 tempora
711 1830 798 1915 regis
814 1831 952 1897 Henrici
970 1830 1029 1896 filii
1046 1832 1127 1910 eius,
1141 1833 1225 1898 adeo
1239 1843 1276 1898 vt

171 1930 312 1996 viderim
328 1951 392 2016 ego
407 1932 478 2016 ipse
492 1934 655 2016 quosdam
673 1935 731 2017 qui
750 1933 905 2001 victualia
924 1935 1057 2002 statutis
1071 1937 1276 2021 temporibus
1290 1958 1320 2010 ¹5

172 2034 216 2101 de
225 2033 337 2100 lundis
348 2037 447 2119 regiis
458 2039 501 2102 ad
513 2039 638 2103 curiam
650 2037 769 2104 deferri
778 2039 929 2104 viderint.
957 2039 1161 2124 Certumque
1172 2039 1275 2106 habe·

172 2139 255 2204 bant
279 2138 436 2205 officiales
458 2142 577 2206 domus
599 2143 688 2225 regie
709 2164 731 2208 a
752 2143 873 2227 quibus
888 2143 1100 2210 comitatibus
1120 2145 1276 2226 triticum,

171 2242 335 2328 aquibus
354 2244 484 2310 diuerso
503 2247 631 2330 species
654 2248 802 2312 carnium
824 2245 878 2314 vel
899 2268 1059 2332 equorum
1082 2249 1205 2333 pabula
1222 2247 1275 2316 vel

170 2347 239 2413 alia
260 2369 392 2432 queque
413 2351 597 2416 necessaria
619 2350 834 2418 debebantur.
880 2351 957 2416 Hiis
978 2373 1056 2418 vero
1082 2353 1197 2438 solutis
1223 2373 1274 2418 se-

171 2451 319 2517 cundum
341 2453 558 2518 constitutum
586 2455 722 2519 modum
748 2455 905 2539 cuiusque
929 2456 987 2534 rei,
1013 2457 1094 2542 regii
1117 2456 1275 2524 officiales
1288 2477 1320 2516 σο

171 2557 414 2640 computabant
426 2556 611 2622 vicecomiti
627 2558 813 2642 redigentes
828 2558 861 2622 iu
876 2579 1040 2624 summam
1056 2560 1274 2626 denariorum.

171 2657 238 2728 Pro
258 2678 415 2723 mensura·
432 2659 559 2724 scilicet
573 2659 674 2725 tritici
690 2661 733 2726 ad
754 2682 875 2746 panem
894 2683 921 2729 c.
939 2663 1111 2729 hominum
1131 2664 1274 2730 solidum

170 2783 287 2843 vnum,
302 2783 363 2848 pro
377 2783 515 2847 corpore
529 2763 626 2828 bouis
641 2765 805 2849 pascualis
819 2766 964 2833 solidum
979 2768 1010 2848 i.,
1026 2788 1087 2851 pro
1104 2770 1207 2833 ariete
1221 2769 1274 2834 vel

170 2887 236 2932 oue
245 2867 300 2931 iiii.
310 2868 471 2946 denarios,
481 2886 542 2950 pro
547 2869 716 2951 prebenda
725 2870 1114 2954 xx.equorum,similiter
1122 2881 1274 2956 quatuor.
1287 2878 1310 2929 B

172 2968 381 3036 Succedente
395 2989 474 3034 vero
494 2979 645 3054 tempore
660 2992 736 3038 cum
752 2973 839 3038 idem
859 2993 931 3050 rex,
951 2974 983 3039 in
1000 2975 1225 3041 transmarinis
1240 2985 1274 3041 et
1287 2997 1318 3049 ²⁵

171 3075 309 3140 remotis
320 3074 478 3159 partibus,
493 3077 648 3141 sedandis
663 3075 863 3142 tumultibus
877 3075 1003 3143 bellicis
1017 3097 1154 3162 operam
1169 3079 1273 3154 daret,

170 3159 311 3262 contigit
333 3188 371 3245 vt
392 3177 486 3244 fieret
507 3179 570 3244 sibi
593 3199 724 3244 summe
746 3180 930 3246 necessaria
953 3183 997 3246 ad
1023 3181 1086 3246 hec
1108 3181 1274 3267 explenda

168 3292 345 3348 numerata
375 3284 524 3366 pecunia.
576 3281 776 3349 Confluebat
805 3284 931 3348 interea
959 3285 1003 3350 ad
1033 3286 1120 3370 regis
1149 3287 1273 3353 curiam

169 3387 308 3471 querula
329 3387 507 3452 multitudo
529 3387 733 3466 colonorum,
753 3387 805 3451 vel
827 3389 917 3471 quod
939 3389 1073 3473 grauius
1094 3390 1158 3456 sibi
1181 3392 1281 3470 vide·-

170 3491 270 3556 batur
289 3491 489 3574 pretereunti
509 3491 697 3574 frequenter
716 3491 920 3570 occursabat,
941 3491 1063 3560 oblatis
1084 3495 1272 3560 vomeribus
1284 3514 1319 3566 ³0

169 3594 350 3677 insignum
362 3592 543 3660 deficientis
558 3594 767 3678 agriculture.
805 3595 991 3661 Innumeris
1005 3597 1095 3662 enim
1111 3597 1273 3664 molestiis

167 3699 407 3782 premebantur
429 3699 602 3764 occasione
621 3697 812 3764 victualium
835 3718 902 3782 que
923 3719 982 3782 per
1001 3699 1159 3783 plurimas
1181 3701 1272 3786 regni

168 3811 280 3887 partes
302 3823 323 3867 a
344 3802 480 3867 sedibus
499 3801 640 3887 propriis
661 3801 863 3868 deserebant.
909 3803 1041 3868 Horum
1066 3805 1167 3890 igitur
1191 3825 1272 3889 que·

167 3906 244 3972 relis
267 3905 440 3971 inclinatus
457 3926 527 3980 rex,
549 3904 690 3971 diffinito
713 3925 910 3990 magnorum
932 3907 1070 3972 consilio
1092 3907 1272 3974 destinauit

168 4029 229 4093 per
256 4029 395 4092 regum
424 4029 508 4093 quos
532 4010 577 4074 ad
604 4009 639 4074 id
668 4009 898 4093 prudentiores
923 4019 956 4074 et
980 4009 1186 4078 discretiores
1215 4033 1270 4078 co-
1283 4033 1315 4086 35

202 4125 398 4198 aoriendum]
412 4127 616 4184 ordiendumR
740 4125 839 4197 thee]
853 4128 944 4184 hoec
1080 4131 1276 4189 1oadom.N

169 4212 204 4266 14
221 4199 295 4270 regis
307 4217 361 4282 mn.
375 4199 399 4255 C
502 4199 534 4255 16
548 4201 663 4299 §ertum
676 4197 702 4254 C
807 4201 840 4256 16
852 4199 974 4282 babebat
986 4200 1022 4255 N
1137 4214 1168 4270 17
1188 4219 1205 4258 a
1217 4221 1270 4258 om.

166 4271 431 4413 insitii&
438 4269 860 4413 imxndiliiiiiilim
876 4270 1096 4414 insiliiiiai
1171 4285 1206 4342 ²⁷
1224 4291 1270 4331 ‘¹‘

212 4439 324 4473 onxaoe
372 4417 390 4476 †
710 4427 737 4478 N
