3228 4868
341 251 402 337 158
708 249 775 316 DE
798 247 1080 318 SCACCARIO
1260 249 1443 334 [nxxviu

382 421 579 508 Discr'palas.
616 418 791 501 Dixisti,sl
800 419 887 488 bene
902 421 1048 500 mentiri,
1059 420 1248 506 frequenter
1258 421 1291 486 in
1307 440 1443 488 manum

340 529 426 610 regis
440 527 595 594 baronias
609 525 663 592 vel
676 524 798 591 fundos
813 525 967 592 incidere.
1006 525 1139 591 Vellem
1155 525 1265 611 igitur,
1280 525 1309 590 si
1323 524 1443 609 placet,

339 631 611 714 explicatamque
623 629 739 694 ordine
754 629 903 694 redditus
912 635 1121 696 'escaetarum
1133 630 1177 695 ad
1193 628 1309 694 fiscum
1322 647 1443 712 proue-

340 735 440 812 niant,
455 735 483 798 si
499 753 565 798 vno
581 735 685 798 modo
699 733 752 798 vel
767 732 983 798 dissimiliter.
1361 727 1368 742 '

228 805 327 936 '¹¹¹'ss
383 837 558 920 Magister.
603 835 690 903 Cum
715 837 749 930 in
776 857 911 902 manum
937 837 1024 922 regis
1049 835 1187 902 baronia
1208 834 1260 900 uel
1285 855 1444 918 maguum

339 940 463 1025 aliquid
478 940 614 1018 excidit,
629 941 788 1008 mandato
808 941 879 1006 eius
892 939 946 1006 vel
961 939 1159 1026 presidentis
1173 939 1218 1006 ad
1232 939 1295 1004 hec
1311 937 1445 1004 discreti

339 1047 509 1130 utriusque
528 1045 650 1110 ordinis
663 1044 726 1110 viri
746 1045 953 1130 diriguntur3
978 1044 1035 1129 qui
1054 1043 1187 1128 singula
1206 1043 1454 1128 perlustrantes

340 1149 488 1215 redditus
517 1149 696 1214 earundem
727 1148 761 1213 in
792 1168 957 1214 summam
989 1149 1143 1233 redigunt
1171 1157 1206 1214 et
1235 1148 1280 1212 de
1308 1146 1371 1212 hac
1398 1146 1466 1210 adr

339 1253 537 1318 scaccarium
564 1251 670 1318 teneri
694 1251 922 1320 vicecomitem
946 1251 1000 1318 vel
1026 1251 1211 1336 quemlibet
1235 1249 1337 1316 alium
1362 1269 1443 1315 oon-

295 1381 328 1420 ιο
340 1357 491 1424 stituunt.
537 1354 751 1422 satisfaciens
771 1356 873 1440 igitur
891 1358 935 1422 de
954 1355 1018 1421 hac
1037 1376 1170 1422 summa
1190 1357 1226 1438 is,
1241 1355 1299 1438 qui
1316 1355 1359 1420 ad
1380 1354 1444 1418 hec

339 1461 541 1526 constitutus
566 1467 626 1538 est,
647 1459 682 1524 in
708 1459 851 1528 &uariis
872 1459 926 1526 vel
947 1459 1101 1525 breuibus
1123 1459 1175 1524 vel
1201 1459 1307 1538 taleis,
1329 1459 1445 1522 subse

340 1574 464 1648 quente
479 1562 545 1628 fide
566 1564 610 1628 de
631 1562 798 1648 legittimo
819 1573 988 1647 compoto,
1003 1573 1147 1629 meretur
1169 1563 1318 1640 absolui3
1345 1572 1380 1628 et
1400 1563 1446 1628 de

340 1687 380 1733 ea
405 1668 454 1733 sic
477 1659 639 1733 scribetur
664 1667 698 1732 in
719 1667 840 1744 annali,
861 1667 946 1733 ‘Ille
966 1666 1019 1733 vel
1043 1665 1098 1732 ille
1119 1667 1229 1732 reddit
1248 1675 1444 1751 compotum
1489 1689 1492 1696 ¹
1594 1635 1595 1700 Ῑ

276 1843 279 1848 Δ
340 1772 383 1836 de
399 1771 494 1837 firma
509 1771 645 1836 honoris
657 1769 754 1836 illius.
795 1771 835 1836 In
844 1771 999 1836 thesauro
1013 1770 1090 1851 hoc,
1100 1769 1145 1836 Et
1161 1771 1292 1855 quietus
1307 1769 1373 1836 est’
1390 1768 1447 1837 vei

296 1898 326 1949 ις,
340 1874 405 1941 ‘Et
419 1872 541 1941 debet!
585 1875 711 1941 Verum
730 1893 806 1940 cum
830 1895 890 1940 rex
914 1883 1046 1942 escsete
1068 1895 1129 1940 sue
1157 1875 1343 1942 custodiam
1366 1873 1446 1939 fidei

340 1977 475 2044 alicuius
497 1978 706 2059 commiserit,
732 1987 770 2044 vt
796 1978 952 2046 videlicet
975 1979 1066 2063 quod
1087 1979 1166 2044 inde
1187 1979 1377 2063 prouenerit
1400 1977 1446 2044 ad

338 2081 540 2147 scaccarium
565 2081 684 2162 soluat,
709 2091 787 2167 post
811 2083 937 2150 lactum
962 2091 1158 2166 compotum
1187 2081 1270 2148 fides
1298 2081 1356 2146 illa
1380 2081 1445 2146 sub

339 2187 490 2268 predicto
504 2185 679 2252 verborum
693 2194 808 2252 tenore
822 2207 890 2252 non
905 2187 1046 2266 dabitur,
1057 2187 1162 2252 immo
1176 2187 1267 2270 quod
1282 2195 1446 2268 quantum

272 2292 275 2298 '
339 2289 418 2354 inde
434 2288 487 2354 vel
509 2289 543 2354 in
564 2289 706 2354 denariis
726 2288 780 2356 vel
800 2290 1147 2376 aliis-quibuscunque
1169 2291 1268 2356 rebus
1289 2289 1447 2374 suscepit,

296 2416 328 2466 ιο
340 2401 479 2474 tanturn,
490 2393 672 2458 secundum
683 2413 778 2460 suam
793 2396 1038 2477 conscientiam,
1053 2395 1097 2459 ad
1112 2394 1310 2460 scaccarium
1325 2392 1445 2468 soluit;

340 2496 493 2581 exceptis
513 2496 566 2562 his
588 2497 766 2564 dumtaxat
779 2498 978 2565 victualibus
995 2519 1061 2582 que
1081 2498 1156 2583 ipso
1178 2498 1312 2564 nomine
1331 2497 1446 2562 exeni-

199 2630 203 2640 1
339 2620 435 2668 orum
450 2620 517 2666 nou
533 2611 732 2686 procurante
745 2601 809 2668 sibi
824 2601 947 2668 collata
960 2611 1049 2668 sunt.

383 2703 579 2789 Driaitulus.
625 2705 800 2792 Numquid
814 2716 926 2772 custos
946 2707 1002 2773 ille
1019 2709 1063 2774 de
1080 2707 1131 2774 his
1145 2707 1329 2774 redditibus
1343 2706 1446 2773 victui

340 2810 524 2876 necessaria
539 2811 700 2896 percipit?

296 2934 326 2987 τε
383 2911 560 2998 Magister.
615 2915 710 2982 Licet
738 2916 898 3001 scriptum
927 2913 971 2981 sit
999 2916 1085 2980 ‘nou
1115 2913 1268 2999 alligabis
1297 2934 1337 2980 os
1365 2911 1447 2979 boui

340 3016 526 3097 trituranti,’
549 3029 663 3084 tamen
690 3019 753 3085 nisi
779 3037 940 3104 expresso
964 3018 1052 3102 regis
1075 3019 1233 3084 mandato
1255 3018 1300 3084 de
1322 3016 1376 3082 his
1401 3015 1449 3081 nil

340 3121 508 3204 percipiet.
554 3121 697 3206 Propriis
717 3121 805 3187 enim
827 3122 1008 3205 stipendiis,
1029 3121 1179 3206 quisquis
1202 3121 1259 3188 ille
1280 3120 1388 3196 luerit,
1413 3123 1448 3185 iu

339 3223 391 3290 hls
423 3225 493 3306 regi
527 3223 692 3290 militabit
750 3225 804 3292 De
829 3224 1021 3292 huiusmodi
1051 3235 1165 3292 autem
1195 3225 1241 3292 sic
1269 3223 1303 3288 in
1333 3223 1448 3290 annali

339 3327 502 3394 scribetur
530 3327 614 3393 ‘Ille
642 3326 695 3394 vel
725 3327 781 3394 ille
808 3329 918 3396 reddit
947 3338 1142 3414 compotum
1158 3329 1207 3410 de
1235 3329 1330 3394 exitu
1359 3328 1448 3394 illius

296 3430 476 3516 gobonmis
497 3451 558 3516 per
577 3448 692 3498 verum
714 3432 840 3498 dictum
854 3429 980 3502 suum?
1315 3517 1318 3524 γ

307 3553 329 3602 Β
383 3535 471 3604 Cum
497 3535 599 3620 igitur
622 3535 667 3602 de
690 3536 846 3602 omuibus
869 3529 1038 3621 predictis,
1061 3535 1249 3602 constitutis
1273 3534 1327 3602 vel
1353 3555 1448 3602 casu·

340 3639 457 3717 alibus,
482 3639 688 3705 satislactum
716 3639 815 3706 fuerit
843 3651 878 3706 et
906 3639 1025 3706 luerint
1054 3639 1186 3724 singula
1211 3640 1448 3726 perordinem

341 3743 508 3810 autentico
541 3741 641 3810 rotuli
671 3744 834 3828 scripture
863 3744 1034 3828 deputata,
1064 3745 1258 3811 conuocatis
1293 3746 1450 3812 omnibus

341 3847 825 3934 assidentibus,adprincipalis
833 3847 927 3914 firme
937 3857 1131 3932 compotum
1141 3850 1448 3928 consummandum,

297 3964 330 4018 ss
343 3951 399 4034 qui
422 3951 457 4018 in
480 3971 614 4018 summo
637 3951 736 4021 rotuli
758 3961 937 4019 annotatus
961 3961 1022 4030 est.
1044 3952 1168 4018 reditur
1188 3961 1222 4018 et
1244 3952 1309 4020 hoc
1331 3953 1450 4020 ordine

353 4138 523 4222 .7queN
625 4139 845 4224 13scribiturR
910 4140 1107 4223 14Etoralt
1173 4139 1451 4226 repostuecerssrie

344 4209 884 4352 ffiffgsuiuffiuvrmmN
957 4226 991 4282 33
1009 4210 1130 4269 retner
1209 4223 1243 4282 35
1262 4211 1450 4270 redituram·
