3202 4870
338 275 401 344 218
706 273 773 340 DE
796 267 1071 342 SCACCARIO

336 447 386 509 the
409 444 588 524 ‘tpprover'
609 463 645 506 or
665 439 801 524 ‘peiere'
824 459 874 504 see
896 440 1065 504 collectim
1083 441 1157 521 γα
1180 441 1298 502 London
1327 439 1441 502 Citium

337 545 486 626 (Crmderr
504 543 573 604 Soc.
586 541 631 603 N.
644 540 679 603 S.
699 539 759 622 η),
773 559 803 621 p.
821 559 889 618 199·
930 540 959 599 A
971 557 1054 601 more
1069 537 1218 600 audentio
1230 555 1300 600 cnse
1315 540 1340 600 ir
1352 540 1441 618 given

337 647 377 723 by
387 641 501 704 diodor
516 641 572 723 (H.
587 640 625 704 Ε.
640 641 698 702 xiv.
710 640 726 718 ς
737 661 765 718 9,
776 657 828 719 pp.
845 643 902 717 382
919 638 997 721 sqq.)
1006 639 1074 700 vrbo
1088 638 1265 716 reproduors
1278 657 1298 698 o
1308 639 1442 715 drawing

339 741 435 806 nithe
449 741 568 802 connat
579 739 640 802 ond
650 740 684 802 of
694 739 743 800 the
756 738 889 818 hanging
903 737 938 798 os
948 738 996 798 the
1009 737 1190 815 renquiehod
1202 735 1342 797 criminni.

378 839 412 900 Ρ.
430 845 496 912 127,
511 839 528 899 i
546 857 594 917 33.
612 837 660 900 Cr.
682 837 759 898 wilt.
779 836 884 896 Mrlm.
902 835 989 898 Gesta
1009 835 1131 914 Regm.
1152 833 1193 896 11.
1210 853 1241 914 p.
1263 849 1320 912 305
1340 829 1441 914 (Roile

339 935 466 1017 Seriet);
488 937 665 998 ‘Potabotnr
680 937 712 996 in
725 949 881 996 commune
896 937 935 995 ab
947 935 1094 1008 omnibns,
1108 937 1140 995 in
1153 934 1210 995 iroc
1224 933 1322 996 nordio
1334 943 1440 994 noctes

338 1036 459 1115 perinde
476 1047 509 1097 nt
526 1035 589 1098 dier
606 1035 868 1114 perpetientibus.
884 1077 892 1093 .
908 1033 977 1094 ‚Ad
996 1049 1142 1094 neumam
1161 1044 1230 1094 tnnc
1250 1041 1333 1093 ernnt
1349 1029 1441 1111 Angli

340 1183 347 1196 .
363 1183 370 1198 .
385 1183 392 1200 .
408 1138 439 1196 in
454 1137 526 1197 cibis
540 1145 674 1214 urgenter
687 1133 845 1212 crapulam,
860 1133 891 1192 in
905 1133 1024 1210 potibus
1038 1132 1180 1193 irritantes
1194 1128 1357 1193 vomioem!

420 1227 1442 1322 ¹·34·ffli⁸···m²n1¹0!t⁸v⁸l⁰⁰⁰¹li⁸=2¹¹e'fim¹¹ift³ffl⁸'

338 1335 365 1396 ir
385 1333 435 1396 tte
450 1331 525 1393 thies
541 1333 609 1394 who
625 1332 649 1392 is
663 1330 771 1408 caught
784 1330 853 1390 with
866 1330 915 1390 the
928 1339 1067 1409 property
1079 1330 1172 1390 stolen
1186 1347 1226 1393 on
1244 1330 1314 1404 him,
1330 1327 1441 1390 ‘hand-

339 1430 458 1493 habend
478 1431 523 1491 vel
543 1425 797 1502 beck-bearand’3
819 1429 868 1490 the
883 1427 946 1488 ‘sur
966 1427 1113 1490 occultus'
1136 1429 1205 1489 here
1226 1427 1396 1491 mentioned
1415 1429 1442 1488 ie

340 1529 486 1608 probably
503 1541 536 1590 to
557 1531 595 1590 be
615 1527 763 1589 identified
784 1527 852 1588 with
873 1527 937 1586 ‘iirr
951 1527 1211 1598 nec-nrtnifestne,’
1225 1527 1293 1588 who
1306 1527 1360 1588 hoe
1381 1528 1442 1588 dis·

340 1625 435 1708 poeed
448 1625 481 1690 oi
498 1627 547 1688 tire
567 1637 704 1706 property
717 1625 817 1686 before
830 1623 908 1686 hein
927 1625 1045 1706 caught.
1086 1625 1133 1688 cf.
1148 1625 1302 1701 institutes,
1324 1645 1352 1701 4.
1371 1643 1398 1698 r,
1413 1645 1442 1702 3.

340 1727 399 1787 not
418 1726 441 1786 it
461 1725 627 1805 tepontbte
646 1723 710 1786 tint
730 1723 780 1785 the
801 1723 905 1786 nudior
923 1725 948 1785 it
968 1725 1038 1785 itere
1057 1723 1193 1804 thinking
1209 1725 1248 1786 os
1264 1725 1443 1786 thedietine·

341 1826 403 1886 tion
430 1823 563 1885 between
585 1823 712 1901 robbery
737 1839 772 1882 or
792 1821 866 1883 theit
893 1821 960 1882 with
984 1839 1063 1901 open
1085 1823 1224 1897 violentie,
1246 1823 1305 1883 ond
1325 1823 1444 1899 lerceny

341 1939 376 1982 or
409 1921 482 1983 theit
512 1939 546 1982 er
575 1939 594 1983 a
623 1933 716 1983 recret
747 1922 846 1982 crime.
900 1919 949 1982 Cf.
976 1919 1100 1982 Poiiook
1135 1921 1194 1982 tnd
1229 1919 1385 1994 Maitiond
1413 1921 1444 1984 ii.

342 2039 412 2098 ⁴9²·
471 2021 517 2082 Ci.
545 2020 586 2081 11.
613 2037 642 2080 x.
669 2019 705 2080 Ι..
733 2019 828 2082 below
856 2017 1020 2098 ‘predones
1047 2021 1098 2100 qni
1125 2031 1155 2081 et
1180 2019 1260 2081 iirree
1294 2019 1443 2080 manifesti

341 2115 500 2180 dicontur!

423 2217 507 2294 t3o.
525 2219 732 2280 eddentibnr
752 2219 919 2280 mutor.
960 2216 1096 2279 Initotod
1119 2217 1196 2279 irorn
1224 2217 1275 2279 tite
1300 2213 1443 2278 ‘addente

343 2315 477 2376 rtirnuioe
498 2313 645 2376 Sathnno'
666 2315 701 2377 oi
724 2309 930 2378 eocieeiortioel
950 2313 1045 2377 Lotin.
1101 2315 1260 2377 Mechiris
1280 2316 1317 2377 oi
1339 2331 1443 2378 oonrse

341 2411 490 2474 temtnne

385 2509 419 2570 P.
437 2515 503 2584 lte,
517 2509 536 2570 l.
552 2531 579 2589 3.
599 2527 679 2574 rene
691 2515 817 2574 trorum
830 2515 991 2576 tom
1032 2509 1089 2574 See
1102 2511 1206 2575 Annine
1218 2513 1254 2574 oi
1265 2511 1442 2586 Glorendon

346 2607 438 2672 ΕΜ
450 2607 599 2682 δὶαήιη,
614 2629 644 2690 p.
660 2625 729 2688 143.

425 2707 489 2786 ip.
509 2713 607 2782 md
622 2751 631 2772 .
648 2751 660 2772 .
679 2753 688 2770 .
704 2712 842 2773 *binni
861 2713 1061 2784 inm
1116 2709 1185 2770 The
1205 2719 1362 2770 statement
1381 2709 1444 2770 thot

344 2807 395 2867 the
409 2805 566 2868 tumul
578 2823 722 2888 approver
734 2809 869 2868 inonrred
885 2808 977 2869 either
990 2807 1177 2870 benishrnent
1190 2827 1224 2869 or
1243 2807 1445 2870 mutilationis

346 2916 398 2966 not
419 2907 581 2984 supported
604 2907 644 2984 by
664 2923 724 2986 any
745 2909 892 2968 instancer
914 2909 979 2968 thot
1000 2923 1044 2968 we
1071 2906 1146 2967 hove
1168 2905 1343 2968 discovered
1387 2905 1446 2966 Bot

345 3004 443 3064 niente
457 3023 493 3078 14
507 3003 542 3064 oi
555 3005 604 3066 the
616 3005 721 3067 desire
734 3005 769 3067 oi
778 3004 946 3067 Clarendon
959 3005 1053 3084 might
1066 3005 1154 3084 rpply
1163 3006 1195 3064 in
1207 3005 1283 3065 noch
1296 3023 1316 3065 o
1329 3023 1397 3066 orne
1411 3024 1445 3066 so

346 3101 391 3162 ior
403 3119 437 3162 ts
451 3101 500 3162 the
513 3103 699 3165 boniehment
713 3121 793 3182 goes.

429 3197 448 3260 l.
465 3221 512 3278 23.
533 3205 634 3271 Quod
646 3205 677 3264 ei
694 3207 868 3276 probator.
909 3201 957 3264 Cf.
971 3201 1003 3264 P.
1019 3201 1056 3262 R.
1073 3205 1109 3261 rtt
1125 3201 1206 3262 Hert.
1221 3201 1446 3281 11.London‚p

351 3305 411 3361 tto
432 3299 489 3360 ‘Et
508 3303 538 3361 in
553 3301 723 3364 liberatione
737 3301 856 3364 Ricardi
870 3299 1040 3363 Probeton'n
1055 3301 1095 3361 de
1108 3301 1229 3362 Forento
1245 3321 1304 3362 ors.
1318 3311 1348 3362 et
1365 3303 1408 3362 td.
1419 3311 1448 3363 et

349 3399 381 3458 in
401 3397 558 3459 nannum
582 3400 668 3460 trium
691 3402 891 3478 probatorum,
912 3411 943 3460 et
965 3417 1020 3478 pro
1043 3400 1115 3478 ipris
1136 3409 1166 3460 et
1193 3399 1256 3460 aliis
1280 3401 1448 3478 prisonibne

348 3496 491 3558 ducendis
511 3498 549 3558 de
569 3495 726 3560 Lundonin
744 3499 784 3559 ed
811 3497 1036 3561 oxinefordiam
1056 3507 1085 3558 et
1110 3495 1337 3559 Norbentonam
1357 3509 1387 3560 et
1406 3515 1450 3560 re·

347 3597 491 3658 ducendir
511 3607 540 3659 et
560 3598 591 3658 in
610 3607 796 3660 menimento
815 3595 936 3660 eornm!
972 3595 1111 3679 (Quoted
1131 3598 1172 3676 by
1185 3595 1309 3670 Mador,
1323 3597 1379 3658 loc.
1398 3598 1447 3658 cit

349 3714 378 3772 p.
397 3697 465 3773 25⁶,
480 3706 550 3756 note
563 3693 606 3776 h.)

431 3793 449 3853 Ι.
473 3797 520 3853 26.
540 3809 664 3867 penore
684 3798 887 3866 nondimeno
906 3795 1071 3868 exoptat„
1123 3793 1169 3854 Cr.
1191 3793 1224 3853 P.
1245 3791 1283 3854 R.
1307 3811 1346 3853 ro
1367 3793 1447 3854 Hen

349 3889 391 3951 11.
412 3891 540 3968 london,
561 3909 590 3973 p.
613 3911 651 3954 ro
673 3887 738 3954 (Εἰ,
750 3894 782 3954 in
802 3893 974 3954 liberatione
986 3891 1122 3953 wittetmt
1143 3893 1181 3953 de
1203 3890 1359 3953 Bellouaile
1380 3909 1449 3971 pro-

349 3991 460 4051 batorio
479 4002 509 4052 et
530 3991 561 4052 in
581 4003 728 4054 armatura
746 3993 837 4070 ipsine
857 4003 886 4053 et
906 3993 938 4052 in
958 4001 1143 4053 custamento
1163 3991 1363 4071 suspendendi
1380 4009 1449 4052 eum

352 4106 413 4147 rte.
428 4090 484 4161 4d.'

433 4186 451 4244 l.
466 4205 513 4262 30.
533 4191 621 4248 flunt
640 4195 796 4261 pretereo
814 4229 824 4251 .
845 4231 854 4250 .
870 4229 879 4249 .
895 4191 1049 4251 mittunt.
1090 4187 1141 4250 No
1162 4189 1306 4268 eerjernty
1324 4187 1450 4266 binding

350 4281 400 4344 the
418 4282 520 4344 holder
535 4285 571 4344 oi
586 4285 657 4344 land
677 4297 709 4347 to
730 4299 853 4348 execute
871 4287 1020 4349 criminals
1039 4287 1071 4347 in
1090 4305 1109 4348 ι
1128 4295 1239 4365 oounty
1258 4287 1282 4346 is
1300 4285 1450 4366 expreesly
