3228 4868
189 299 219 354 11
235 283 326 378 xxii]
553 287 620 354 DE
644 288 924 360 SCACCARIO
1224 311 1290 390 153

188 460 260 528 siue
277 461 438 528 miles·sit
459 461 531 528 siue
552 482 629 541 non,
651 460 708 528 lex
729 460 855 530 statuit.
894 463 940 528 Et
962 465 1122 549 quoniam
1147 468 1287 536 liberum

188 575 240 632 est
264 567 399 633 cuilibet
423 566 539 632 baroni
571 587 633 651 pro
662 565 786 643 debito,
816 568 907 650 quod
932 568 980 632 ab
1004 571 1079 652 ipso
1105 573 1286 656 requiritur,
1393 647 1398 656 ,

187 667 289 735 fidem
305 670 455 736 officialis
472 691 652 756 opponere,
666 679 703 735 vt
722 669 769 734 sic
790 669 921 735 interim
942 671 1145 740 vicecomitis
1164 676 1288 762 impor-

111 781 115 786 '
186 771 330 838 tunitate
351 777 460 834 careat
484 777 519 832 et
541 769 583 833 de
607 771 704 837 rebus
723 773 790 838 suis
814 774 1009 857 oportunius
1028 776 1100 860 ipse
1122 779 1286 866 disponat,

187 892 230 936 ne
244 873 293 938 sic
308 875 341 938 in
356 873 552 939 immensum
568 874 648 960 regii
663 877 812 941 mandati
824 877 977 943 videatur
990 882 1170 948 auctoritas
1185 882 1285 964 eludi,
1299 911 1314 964 5

187 979 355 1044 decretum
382 987 434 1044 est
453 987 500 1054 vt,
522 979 762 1062 comprehenso
785 979 842 1045 illo
863 980 920 1066 qui
942 981 1010 1048 lese
1031 983 1111 1050 fidei
1132 1006 1225 1054 reum
1246 1009 1283 1054 se

185 1101 253 1145 non
279 1083 482 1148 satisfaciens
511 1081 676 1158 iudicauit,
699 1083 814 1148 statim
841 1104 863 1148 a
890 1083 1084 1152 vicecomite
1105 1091 1285 1158 sentientes

184 1183 375 1270 dirigantur,
390 1187 447 1271 qui
462 1185 581 1253 fundos
595 1185 787 1271 principalis
800 1187 928 1253 domini
946 1189 1192 1272 perlustrantes,
1207 1217 1284 1262 vens

184 1288 264 1353 ditis
293 1311 504 1375 quocumque
530 1289 632 1355 modo
663 1288 798 1370 catallis
826 1310 992 1358 summam
1022 1295 1215 1377 requisitam
1239 1298 1283 1363 ad

182 1394 382 1460 scaccarium
401 1395 548 1460 eiusdem
570 1395 705 1459 termini
727 1393 885 1474 deserant,
904 1405 939 1461 et
953 1381 1091 1462 tandem
1114 1399 1169 1464 ille
1190 1421 1331 1472 corn-10

98 1541 101 1546 -
182 1497 361 1582 prehensus
380 1519 442 1583 pro
464 1497 531 1564 fide
551 1496 620 1563 lesa
640 1498 738 1563 iuxta
759 1498 1011 1582 possibilitatem
1034 1522 1128 1567 suam
1148 1507 1282 1587 pecuni-

182 1602 285 1668 ariam
301 1623 421 1688 penam
439 1603 510 1668 luat
532 1612 567 1668 et
590 1600 733 1686 amplius
753 1623 853 1686 super
869 1603 988 1668 eodem
1010 1604 1136 1683 debito,
1151 1607 1283 1674 etiarnsi

182 1706 336 1772 dominus
351 1707 544 1794 preceperit,
559 1708 603 1772 ad
620 1706 720 1772 fidem
736 1707 882 1772 dandam
897 1727 963 1772 non
978 1708 1184 1774 admittatur.

226 1811 417 1896 Principalis
438 1812 541 1878 etiarn
565 1811 782 1877 dominusne
804 1811 867 1874 hec
885 1811 1019 1894 impune
1042 1815 1281 1900 presumpsisse
1293 1823 1368 1880 xxti

181 1913 341 1995 videatur,
362 1935 430 1980 non
452 1914 630 1999 perfidem
654 1915 825 1998 supposito
846 1933 994 2000 persone,
1012 1917 1071 1980 sed
1092 1917 1199 1982 solum
1222 1939 1281 2003 per
1297 1940 1326 2000 ¹⁵

181 2019 359 2102 propriam,
375 2019 545 2085 dilationis
559 2016 755 2084 beneficium
774 2018 1023 2101 promerebitur,
1038 2021 1065 2084 si
1083 2019 1168 2086 forte
1182 2041 1282 2104 super

181 2123 299 2188 eodem
321 2123 430 2206 ipsum
458 2123 577 2188 iterato
599 2122 799 2187 summoneri
829 2123 1013 2208 contigerit.
1058 2123 1145 2190 Sunt
1166 2133 1281 2190 tamen

178 2227 237 2310 qui
252 2227 388 2292 credant
402 2235 440 2291 vt
455 2225 499 2290 de
516 2235 626 2292 cetero
639 2245 739 2309 super
758 2225 878 2291 eodem
894 2226 1010 2291 debito
1029 2247 1089 2292 nec
1104 2227 1205 2292 etiam
1220 2249 1280 2312 per

179 2330 281 2396 fidem
292 2329 459 2416 propriam
470 2349 574 2414 vsque
585 2331 629 2394 ad
641 2329 841 2394 scaccarium
854 2330 1074 2396 avicecomite
1084 2330 1279 2399 dilationem

179 2434 338 2500 obtineat
391 2433 494 2518 Quod
524 2433 660 2517 quidem
690 2431 889 2498 beneficium
920 2431 1089 2499 dilationis
1119 2455 1278 2520 magnum
1295 2447 1327 2508 ab

178 2537 302 2616 dicunt,
318 2536 375 2621 qui
397 2535 476 2602 fisco
496 2544 676 2616 tenentur;
695 2545 834 2619 possunt
854 2535 942 2600 enim
963 2535 1095 2602 interim
1116 2539 1159 2602 de
1180 2539 1279 2605 rebus

177 2643 245 2705 suis
261 2641 374 2706 mitius
389 2641 567 2724 disponere
586 2648 619 2704 et
635 2639 738 2704 dilate
748 2660 808 2723 per
821 2639 957 2723 aliquod
971 2649 1105 2725 tempus
1121 2643 1278 2710 solutioni

177 2745 358 2812 necessaria
381 2763 565 2828 preparare.
619 2741 709 2826 Quin
730 2742 842 2826 potius
864 2743 980 2808 dicunt
1002 2745 1102 2826 quod,
1123 2757 1278 2830 suscepta

176 2847 441 2926 summonitione,
457 2846 556 2914 liceat
574 2845 761 2912 vicecomiti
782 2845 879 2920 iuxta
901 2865 1112 2912 communem
1134 2849 1277 2916 aliorum

176 2951 283 3035 legem
298 2951 413 3017 statim
428 2952 462 3015 in
477 2948 598 3016 catalla
612 2949 715 3034 ipsius
729 2968 864 3013 manum
883 2949 1026 3016 mittere.
1071 2951 1145 3031 His,
1161 2952 1275 3035 fateor,
1289 2985 1320 3046 ²5

177 3076 240 3141 ego
255 3075 388 3138 prorsus
405 3075 472 3121 non
491 3053 660 3129 dissentio,
675 3053 702 3116 si
723 3062 836 3119 tamen
856 3052 969 3118 multis
989 3054 1118 3120 indiciis
1132 3065 1166 3122 et
1181 3059 1274 3123 testi·

175 3160 295 3224 moniis
321 3158 498 3226 verisimile
524 3158 676 3223 videatur
701 3176 890 3239 procurasse
915 3157 1087 3222 dominum
1113 3168 1150 3224 vt
1180 3159 1274 3229 miles

174 3284 252 3329 suus
274 3265 325 3328 his
347 3263 477 3328 casibus
499 3271 729 3345 exponeretur,
751 3259 905 3344 quatinus
927 3270 1039 3344 posset
1061 3263 1132 3346 ipse
1150 3264 1202 3330 vel
1225 3267 1275 3332 sic

172 3367 302 3432 interim
318 3366 458 3430 liberari.
505 3363 615 3429 Huius
632 3373 744 3429 autem
764 3363 809 3428 rei
828 3363 1066 3430 validissimum
1086 3377 1138 3432 est
1156 3379 1274 3436 contra

173 3471 345 3536 dominum
370 3476 615 3554 argumentum,
639 3469 668 3532 si
694 3467 857 3552 copiosus,
882 3468 910 3532 si
941 3467 1039 3534 rebus
1064 3469 1270 3552 habundans,
1283 3503 1322 3554 30

172 3574 199 3638 si
229 3573 384 3638 solutioni
419 3573 583 3641 sufficiens
612 3591 633 3636 a
662 3571 857 3636 vicecomite
893 3572 991 3640 simul
1022 3583 1057 3640 et
1094 3595 1115 3641 a
1150 3576 1271 3644 vicinia

171 3677 346 3743 iudicetur.

214 3769 411 3864 Dr'scipulus.
457 3777 606 3865 Dignum
643 3799 757 3846 revera
792 3789 844 3845 est
871 3789 909 3846 vt
945 3781 973 3846 is
1010 3779 1172 3849 indultam
1204 3783 1270 3852 sibi

169 3885 310 3970 gratiam
336 3884 557 3962 demereatur,
579 3883 637 3966 qui
660 3882 694 3948 in
715 3881 842 3948 datoris
864 3883 935 3948 eius
952 3884 1130 3968 perniciem
1152 3887 1268 3954 eadem

168 3989 292 4056 abusus
307 3995 368 4052 est.
1281 4007 1318 4062 tt

211 4090 387 4176 Magister.
426 4089 865 4172 Habesexprecedentibus
874 4099 1054 4176 vtcumque
1065 4093 1268 4172 distinctum,

205 4226 407 4283 rliberiumR
484 4237 517 4294 17
530 4223 779 4282 summonitioniR
873 4227 1070 4300 26si1setN
1146 4226 1186 4300 et]
1200 4228 1272 4286 inR

168 4313 203 4369 33
221 4299 349 4368 Dignum
360 4297 462 4360 onaN
527 4295 622 4354 hisN
685 4297 926 4386 36vtrumqueR

217 4420 336 4452 asenec.
705 4401 732 4452 X
