3228 4868
327 289 369 356 70
693 273 759 340 ns
782 270 1056 342 scnccnn1o
1318 270 1422 365 [ινα

324 465 385 531 per
414 444 568 511 clericum
592 444 772 510 discretum
802 444 829 510 si
855 444 924 530 regi
953 443 1044 511 visus
1077 441 1174 511 luerit
1203 443 1286 512 alias
1315 447 1423 531 magis

325 549 534 628 necessarius,
549 547 780 627 administrat3
802 557 837 613 et
853 546 915 613 hec
936 557 988 614 est
1004 549 1188 634 descriptio
1207 549 1306 615 tertie
1324 549 1423 616 sedis.

327 652 368 718 ln
386 662 506 735 quarto
525 671 650 718 scanno
671 650 762 734 quod
782 660 833 716 est
848 651 1040 736 oppositum
1058 651 1244 732 iustitiario,
1260 652 1293 716 in
1313 651 1425 735 capite

325 755 448 821 residet
468 754 626 840 magister
646 753 796 820 Thomas
817 763 1039 838 cognomento
1061 754 1192 821 Brunus
1215 775 1292 822 cum
1314 753 1424 822 rotulo

298 859 426 939 5tcrtio
445 857 565 941 quiex
580 855 711 924 novella
730 856 976 939 constitutione,
994 857 1059 925 hoc
1079 868 1130 925 est
1147 879 1168 923 a
1188 858 1326 924 domino
1345 877 1424 943 rege

325 973 451 1042 nostro,
466 963 601 1029 additus
622 970 681 1027 est.
727 959 815 1044 Quia
836 961 998 1046 scriptum
1020 970 1071 1027 est
1094 961 1277 1027 ‘funiculus
1298 961 1424 1045 triplex

325 1065 458 1131 difficile
480 1062 639 1130 soluitur.’
692 1062 773 1130 Post
794 1063 882 1129 hunc
902 1064 1086 1131 vicecomes
1108 1074 1143 1130 ct
1165 1065 1274 1130 clerici
1293 1066 1344 1129 sui
1366 1065 1425 1149 qui

324 1169 473 1235 assident
495 1169 538 1236 ad
561 1177 755 1250 compotum
778 1187 856 1232 cum
878 1167 973 1234 taleis
994 1177 1029 1234 et
1050 1168 1124 1235 aliis
1147 1169 1361 1250 necessariis;
1390 1177 1425 1233 et

323 1272 387 1338 hec
402 1283 453 1339 est
468 1271 644 1356 dispositio
659 1279 777 1355 quarte
792 1271 889 1337 sedis.

267 1398 314 1456 ¹ro
367 1375 563 1460 Discipulus.
608 1373 758 1459 Scriptor
787 1375 938 1459 magistri
960 1374 1093 1443 Thorne
1120 1377 1283 1462 numquid
1308 1375 1425 1442 sedem

325 1480 428 1546 habet
442 1501 517 1546 curn
533 1479 607 1546 aliis
621 1479 861 1563 scriptoribus?

368 1583 545 1669 Magister.
590 1580 712 1649 Sedem
724 1584 860 1667 quidem
870 1581 974 1650 habet
988 1602 1056 1649 non
1071 1602 1147 1650 cum
1162 1583 1236 1650 aliis
1250 1584 1309 1650 sed
1323 1591 1425 1668 super

325 1688 418 1754 alios.

368 1789 567 1874 Decipulus.
612 1788 726 1874 Quare
740 1789 814 1856 sic?

267 1915 314 1970 ‚15
369 1894 546 1978 Magister.
591 1893 677 1960 Cum
692 1895 782 1959 enim
799 1895 846 1960 sic
860 1894 1020 1978 disposite
1034 1904 1145 1964 essent
1161 1895 1257 1961 sedes
1271 1895 1316 1962 ab
1330 1894 1425 1964 initio

326 2008 363 2064 vt
388 1999 527 2082 scriptor
552 1996 745 2063 thesaurarii
775 2000 819 2064 ad
849 1999 936 2065 latus
965 2018 1063 2064 suum
1089 1998 1247 2066 resideret
1276 2018 1318 2063 ne
1344 1998 1424 2082 quid

326 2102 523 2169 scriberetur
546 2102 637 2185 quod
665 2100 797 2166 oculum
827 2103 899 2168 eius
922 2101 1092 2186 effugeret,
1116 2112 1151 2169 et
1179 2102 1260 2168 item
1287 2101 1425 2186 scriptor

327 2204 520 2272 cancellarie
543 2205 586 2270 ad
605 2205 694 2271 latus
717 2206 884 2289 scriptoris
907 2206 1099 2273 thesaurarii
1117 2216 1154 2271 vt
1172 2204 1314 2272 fideliter
1334 2205 1424 2271 exci-

287 2321 314 2374 D
327 2318 420 2395 peret
450 2309 541 2392 quod
568 2307 624 2374 ille
648 2309 884 2394 proscribebat,
906 2319 940 2375 et
969 2309 1050 2375 item
1080 2309 1218 2376 clericus
1239 2309 1425 2376 cancellarii

282 2437 314 2475 so
327 2413 511 2479 necessario
526 2413 699 2498 proximus
714 2422 801 2478 esset
815 2413 862 2478 illi
877 2413 1026 2497 scriptori
1041 2434 1082 2480 ne
1097 2423 1210 2498 posset
1225 2432 1341 2490 errare,
1357 2433 1424 2479 non

326 2516 487 2602 superfuit
501 2517 595 2583 locus
612 2518 646 2582 in
663 2537 732 2602 quo
752 2517 892 2602 scriptor
909 2517 965 2582 ille
984 2518 1143 2584 resideret
1160 2519 1194 2582 in
1215 2517 1299 2582 serie
1313 2515 1425 2583 scanni

326 2631 379 2686 set
393 2623 491 2686 datus
509 2629 559 2684 est
574 2619 605 2684 ei
621 2617 714 2686 loeus
729 2619 762 2684 in
778 2621 936 2685 eminenti
951 2629 989 2686 vt
1008 2621 1187 2706 prospiciat
1202 2629 1236 2686 et
1256 2619 1424 2686 immineat

327 2725 480 2809 scriptori
505 2722 697 2789 thesaurarii
723 2723 780 2807 qui
802 2724 928 2810 primus
957 2724 1082 2804 scribit,
1108 2733 1143 2790 et
1165 2725 1209 2791 ab
1235 2724 1308 2808 ipso
1333 2725 1425 2806 quod

326 2837 461 2914 oportet
476 2827 632 2912 excipiat.

284 2951 313 3004 25
370 2929 568 3013 Discipulus.
614 2929 704 2997 Huic
715 2929 802 2996 oculi
814 2929 909 2997 lincei
921 2931 1094 2998 necessarii
1105 2939 1214 2998 essent
1227 2952 1269 2996 ne
1281 2939 1426 3008 erraret;

329 3034 532 3119 periculosus
546 3033 635 3098 enim
650 3033 684 3098 in
697 3034 761 3100 hiis
775 3055 864 3102 error
879 3035 1004 3102 dicitur.

369 3137 545 3222 Magister.
589 3137 685 3204 Licet
721 3148 807 3204 erret
845 3138 1011 3204 interdum
1048 3138 1082 3203 in
1119 3138 1317 3222 excipiendo
1349 3137 1428 3222 quia

327 3251 475 3308 remotus
498 3251 548 3307 est
569 3249 684 3308 tamen
706 3241 787 3306 dum
810 3242 908 3307 rotuli
932 3243 1148 3326 corriguntur,
1170 3243 1259 3308 lacta
1278 3243 1427 3308 omnium

327 3346 429 3411 trium
444 3345 628 3425 collatione,
644 3345 740 3412 facile
754 3346 814 3411 erit
829 3355 936 3412 errata
951 3347 1121 3430 corrigere.

283 3467 316 3519 30
370 3449 570 3532 Discipulus.
617 3449 707 3515 Satis
727 3450 889 3515 hactenus
903 3451 1028 3516 dictum
1049 3461 1101 3516 est
1115 3449 1160 3516 de
1179 3450 1297 3516 ordine
1310 3451 1428 3516 seden-

328 3553 421 3632 tium,
436 3572 524 3617 nunc
543 3555 586 3618 de
603 3573 719 3618 eorum
739 3553 853 3620 officiis
870 3554 898 3620 si
919 3554 1028 3639 placet
1048 3573 1214 3639 exequere
1233 3554 1392 3638 incipiens
1408 3575 1428 3620 a

329 3652 404 3717 leua
418 3651 624 3736 presidentis.

371 3755 549 3838 Magister.
594 3754 819 3821 Cancellarius
833 3753 867 3820 in
882 3755 998 3822 ordine
1011 3757 1069 3821 illo
1083 3757 1211 3840 primus
1225 3766 1276 3823 est
1292 3767 1326 3822 et
1340 3757 1427 3821 sicut

329 3857 363 3922 in
386 3859 476 3923 curia
493 3859 540 3925 sic
559 3860 603 3925 ad
622 3859 821 3925 scaccarium
842 3880 982 3946 magnus
1001 3871 1053 3926 est
1073 3863 1159 3927 adeo
1177 3870 1214 3925 vt
1235 3861 1305 3925 sine
1325 3859 1427 3945 ipsius

272 3981 316 4056 Δ35
330 3979 493 4026 consensu
522 3961 574 4027 vel
605 3961 740 4028 consilio
770 3963 815 4027 nil
842 3983 1000 4047 magnum
1023 3963 1082 4029 fiat
1107 3963 1160 4030 vel
1186 3961 1256 4028 fieri
1283 3963 1428 4044 debeat;

365 4081 558 4160 sappositum
569 4081 627 4137 CN
641 4154 647 4166 ⁸
710 4080 923 4164 iustitisriisCM
998 4081 1249 4153 4cognomineN
1278 4152 1295 4165 ..
1336 4095 1426 4152 11,12

330 4165 383 4204 serr
405 4151 529 4206 toribus?
546 4152 709 4236 ΙΜτιὲιτείιν.
741 4153 844 4209 Sedem
862 4153 975 4236 quidem
989 4153 1078 4236 babet
1095 4169 1152 4208 non
1167 4169 1232 4208 cum
1249 4153 1312 4209 alus
1330 4169 1383 4207 orn.
1398 4153 1427 4208 R

329 4221 384 4346 gie
395 4289 423 4345 R
470 4223 553 4364 mt3u4h
560 4233 740 4364 slffllullnm
754 4225 791 4280 C:
811 4234 986 4294 corriguntur
997 4223 1079 4280 rotulr
1091 4224 1168 4280 lacta
1178 4223 1207 4278 R
1285 4237 1317 4294 31
1338 4222 1426 4296 nunc]
