3228 4868
330 271 377 362 84
701 279 1068 351 nascaccamo
1314 275 1432 374 [rvrc

332 453 442 520 soluta
463 461 497 519 et
519 453 689 519 soluenda
735 453 802 520 Hic
823 453 925 521 etiam
947 454 1094 522 custodit
1115 451 1344 522 contrabreuia
1365 453 1433 521 fac-

333 568 444 624 torum
459 558 502 623 ad
518 559 727 624 scaccarium.
774 557 841 622 Hic
860 559 962 624 etiam
980 559 1256 625 summonitiones
1273 559 1378 624 lactas
1395 568 1434 624 vt

294 685 320 736 D
333 662 517 746 predictum
538 669 590 728 est
616 662 750 746 corrigit
772 671 806 727 et
827 661 957 746 sigillat,
980 672 1014 726 et
1038 659 1139 750 estjei
1165 661 1259 729 labor
1284 661 1434 727 infinitus

333 773 435 850 atque
448 773 526 850 post
540 764 780 832 thesaurarium
796 767 975 832 maximus.

303 889 320 938 s
376 867 574 952 Drim'pulus.
620 868 740 936 ‘Vtilis
761 869 816 934 hic
838 879 927 937 esset
951 869 1060 955 magis
1081 868 1196 955 Argus
1217 889 1320 954 quarn
1346 866 1434 935 Poli-

333 970 460 1039 semus?

375 1077 551 1161 Magister.
594 1073 746 1142 *Clericus
772 1075 1017 1144 constabularie
1038 1097 1178 1162 magnus
1207 1086 1243 1144 et
1267 1077 1434 1143 officiosus

334 1179 368 1246 in
383 1181 471 1266 regis
489 1181 580 1246 curia
594 1179 637 1246 ad
656 1183 855 1247 scaccarium
877 1182 979 1248 etiam
997 1183 1041 1248 ad
1060 1182 1184 1246 maiora
1201 1201 1334 1265 queque
1355 1200 1433 1246 cum

334 1285 465 1370 magnis
479 1285 604 1351 ascitur
617 1293 652 1350 et
670 1304 805 1352 assensu
821 1285 890 1349 eius
905 1286 995 1370 regia
1015 1283 1099 1351 fiunt
1114 1285 1258 1369 negotia.
1321 1283 1434 1350 Desti-

290 1411 321 1448 ιο
335 1399 433 1454 natur
461 1399 574 1456 autem
599 1409 621 1454 a
650 1407 728 1472 rege
752 1389 796 1455 ad
826 1389 1028 1455 scaccarium
1056 1409 1133 1454 cum
1160 1389 1435 1454 contrabreuibus

334 1493 377 1558 ad
393 1493 551 1558 terminos
568 1493 721 1560 scaccarii
743 1494 787 1559 de
807 1492 871 1558 hiis
892 1501 1024 1558 tantum
1046 1513 1112 1576 que
1133 1492 1177 1558 ad
1199 1490 1322 1558 curiam
1340 1491 1435 1558 fiunt.

335 1596 402 1663 Hic
431 1596 531 1663 etiam
562 1616 638 1661 cum
668 1595 912 1662 constabulario
939 1595 1187 1662 liberationibus
1215 1593 1361 1661 militum
1381 1593 1436 1662 vel

333 1700 558 1784 quorumlibet
595 1699 736 1764 aliorum
764 1699 915 1779 intendit,
940 1707 981 1765 vt
1015 1699 1199 1783 predictum
1230 1709 1291 1780 est,
1320 1709 1355 1764 et
1383 1707 1436 1764 cst

335 1804 501 1869 interdum
527 1803 727 1869 laboriosum
754 1803 834 1868 satis
860 1804 930 1868 eius
956 1801 1102 1868 officium
1131 1801 1209 1868 licet
1233 1803 1349 1887 paucis
1374 1821 1435 1866 ex-

292 1907 504 1992 reprimatur.
551 1905 678 1990 Expiet
700 1914 815 1971 tamen
830 1905 911 1971 illud
931 1905 1132 1989 frequentius
1152 1925 1212 1990 per
1226 1905 1434 1990 suppositam

335 2029 511 2094 personam
525 2007 611 2075 sicut
628 2009 851 2089 cancellarius,
868 2009 946 2093 quia
960 2019 1096 2096 propter
1110 2010 1237 2075 maiora
1257 2029 1325 2074 non
1340 2008 1435 2074 facilc

334 2123 475 2200 possunt
497 2133 519 2178 a
539 2113 626 2198 regis
647 2115 812 2196 presentia
835 2113 966 2198 longius
988 2113 1044 2178 ire.
1089 2112 1147 2180 Sic
1170 2112 1272 2178 habes
1294 2111 1436 2196 disposi·
1504 2167 1508 2176 .

336 2227 447 2283 torum
462 2217 496 2282 in
517 2217 663 2283 secundo
685 2215 778 2282 sedili
794 2218 837 2283 ad
860 2219 1034 2283 dexteram
1049 2217 1247 2301 presidentis
1268 2226 1436 2299 utcunque

333 2320 513 2387 distributa
527 2319 646 2386 officia.
670 2320 773 2386 Porro
788 2321 822 2385 in
837 2321 946 2404 capite
960 2321 1069 2405 quarti
1092 2320 1203 2386 sedilis
1219 2321 1311 2404 quod
1328 2341 1434 2404 oppo-

291 2445 323 2482 ιο
336 2423 424 2490 nitur
460 2423 647 2490 iusticiariis
683 2425 806 2490 residet
838 2423 994 2508 magister
1031 2423 1180 2490 Thomas
1212 2433 1434 2507 cognomento

300 2525 476 2597 EBrunus
534 2527 646 2593 Huius
671 2529 715 2594 ad
741 2528 941 2596 scaccarium
967 2549 1034 2594 non
1062 2527 1136 2593 vilis
1165 2537 1217 2593 est
1245 2527 1435 2593 auctoritas.

337 2631 500 2716 Magnum
511 2631 604 2696 »enim
619 2641 653 2697 et
663 2631 811 2697 validum
826 2631 903 2696 fidei
915 2631 985 2698 eius
999 2641 1034 2698 et
1048 2629 1253 2697 discretionis
1274 2640 1325 2697 est
1336 2651 1434 2715 argu·

337 2745 488 2802 mentum
509 2737 600 2820 quod
617 2757 638 2800 a
652 2745 722 2802 tam
738 2735 933 2801 excellentis
948 2735 1068 2820 ingenii
1085 2735 1231 2820 principe
1244 2733 1369 2800 electus
1384 2743 1436 2799 est

336 2849 491 2924 vtpreter
500 2840 672 2924 antiquam
684 2839 957 2905 consuetudinem
967 2839 1101 2904 tertium
1111 2837 1233 2904 habeat
1245 2837 1435 2905 rotulumin

292 2967 322 3021 ²5
336 2963 404 3027 quo
414 2943 506 3028 regni
516 2941 587 3009 iura
596 2943 748 3028 regisque
759 2952 884 3010 secreta
895 2941 1080 3008 conscribat
1089 2951 1124 3008 et
1132 2943 1274 3008 eundem
1287 2963 1389 3026 penes
1399 2961 1437 3006 se

337 3067 508 3113 reseruens
528 3067 728 3132 quocunque
746 3047 888 3112 voluerit
909 3045 1046 3113 deserat
1086 3046 1202 3111 Habet
1221 3045 1325 3112 etiam
1340 3045 1435 3112 cleri·

337 3169 415 3218 cum
429 3171 527 3216 suum
543 3153 578 3215 in
594 3150 746 3216 inferiore
759 3151 934 3230 scaccario,
945 3149 1002 3233 qui
1017 3149 1115 3216 iuxta
1130 3148 1285 3215 clericum
1301 3148 1436 3215 thesau-

337 3256 413 3321 rarii
453 3257 601 3322 residens
629 3254 769 3322 liberam
804 3255 908 3321 habct
940 3253 1134 3321 facultatem
1170 3253 1333 3320 scribendi
1370 3273 1437 3338 que

338 3360 541 3444 recipiuntur
561 3368 596 3425 et
618 3359 854 3442 expenduntur
876 3359 910 3423 in
932 3359 1099 3424 thesauro.

292 3485 324 3543 30
379 3463 578 3548 Discipulus.
623 3463 795 3548 Numquid
808 3461 947 3549 principi
962 3463 1096 3548 cognita
1111 3472 1162 3528 cst
1176 3483 1217 3528 eo
1232 3481 1336 3544 vsque
1353 3459 1436 3528 fides

338 3567 408 3634 eius
422 3576 524 3650 atque
538 3565 692 3632 discretio
709 3567 801 3650 quod
815 3567 859 3632 ad
873 3563 938 3632 hoc
952 3586 1037 3651 opus
1053 3566 1170 3631 merito
1182 3585 1249 3630 non
1265 3564 1436 3630 estimetur

336 3671 421 3738 alius
435 3671 479 3736 ad
494 3669 612 3735 illum?

379 3773 555 3860 Magister.
594 3773 738 3859 Magnus
759 3773 813 3839 hic
836 3784 907 3840 erat
928 3773 962 3838 in
981 3773 1094 3858 magni
1117 3771 1203 3858 regis
1226 3771 1330 3838 Siculi
1347 3770 1436 3840 curia

337 3876 480 3943 consiliis
493 3877 654 3962 prouidus
668 3885 702 3942 et
718 3877 752 3942 in
767 3877 866 3962 regiis
880 3877 1013 3942 secretis
1027 3897 1114 3962 pene
1128 3875 1310 3962 precipuus
1356 3874 1435 3941 Sur-

293 4009 324 4062 ³5
343 3981 432 4047 rexit
461 3980 586 4048 interea
610 4001 671 4046 rex
700 4001 808 4047 nouus
837 3982 894 4066 qui
922 3981 1097 4065 ignorabat
1127 3981 1228 4060 illum,
1248 3981 1306 4064 qui
1332 3999 1436 4066 praua

338 4083 465 4150 habens
493 4083 598 4151 latera
618 4093 747 4170 patrem
777 4086 1037 4172 persequebatur
1057 4083 1091 4150 in
1112 4085 1190 4150 suis.
1236 4083 1436 4169 Compulsus

547 4315 563 4374 7
583 4304 782 4362 constabularii
797 4306 821 4362 C
986 4307 1020 4364 18
1037 4315 1185 4378 vtrumque
1196 4304 1225 4360 R
