3228 4868
197 309 225 362 ιι
241 295 273 360 ἰν
287 290 326 383 Β]
565 291 632 358 DE
656 289 929 360 SCACCARIO
1231 310 1295 378 123

197 469 315 535 adesse
340 487 407 534 non
429 463 563 552 poterit,
587 467 691 534 addat
714 465 748 530 in
775 463 895 532 litteris
917 465 1142 532 excusationis
1164 485 1230 551 que
1252 469 1295 531 ad

196 569 397 635 scaccarium
420 568 606 653 diriguntur
623 565 689 632 ‘Et
710 565 790 650 quia
811 566 922 632 venire
943 586 1010 631 non
1032 585 1176 650 possum,
1198 566 1297 632 mitto

195 673 291 739 vobis
305 673 368 738 hos
382 670 561 737 seruientes
572 690 666 737 meos
681 669 725 736 N.
736 678 772 736 et
785 670 828 736 N.
845 681 883 736 ut
896 669 971 735 loco
982 689 1058 736 meo
1073 671 1141 736 sint
1155 677 1190 736 et
1204 672 1296 754 quod

194 778 239 844 ad
257 797 312 842 me
327 775 470 860 pertinet
490 773 625 852 saciant,
639 783 748 840 ratum
765 773 939 840 habiturus
953 775 1043 858 quod
1063 775 1126 858 ipsi
1142 772 1296 840 iecerint!

195 881 373 946 Prouideat
387 889 500 944 autem
514 878 571 962 qui
588 888 728 944 excusat
743 887 782 943 vt
795 877 879 944 alter
897 869 950 944 vel
967 888 1106 962 vterque
1121 877 1294 944 nrissorum
1309 909 1326 960 5

193 985 289 1050 miles
318 984 362 1050 sit
389 983 442 1050 vel
464 982 567 1048 laicus
588 981 672 1048 alius
690 981 818 1048 radone
842 981 1013 1068 sanguinis
1034 981 1089 1047 vel
1110 981 1206 1048 aliter
1230 981 1295 1047 sibi

194 1089 406 1155 coniunctus:
434 1085 499 1154 hoc
525 1093 577 1152 est
599 1085 693 1152 cuius
719 1083 797 1151 fidei
825 1083 879 1152 vel
902 1085 1091 1152 discretioni
1114 1105 1149 1151 se
1174 1094 1209 1151 et
1234 1105 1296 1151 sua

194 1191 404 1260 committere
417 1211 484 1256 non
499 1190 647 1258 diffidat:
674 1189 763 1256 solos
777 1191 868 1256 enim
883 1190 1020 1257 clericos
1034 1189 1077 1254 ad
1092 1187 1157 1255 hoc
1171 1187 1294 1274 suscipi

193 1317 261 1362 uon
276 1303 417 1380 oportet,
432 1294 512 1378 quia
525 1293 553 1360 si
569 1313 664 1361 secus
681 1293 811 1379 egerint
825 1313 892 1360 non
903 1295 999 1361 decet
1010 1313 1068 1359 eos
1078 1312 1140 1378 pro
1153 1293 1295 1378 pecunia

192 1399 246 1467 vel
261 1397 440 1466 ratiociniis
455 1397 701 1483 comprehendi.
758 1397 795 1465 Si
812 1417 891 1464 vero
911 1397 1050 1464 citatum
1065 1397 1292 1463 vicecomitem
1309 1417 1341 1455 ιο

192 1504 311 1570 abesse
326 1501 510 1588 contigerit,
525 1521 594 1568 non
611 1500 805 1568 infirmitate
823 1501 970 1586 quidem,
986 1501 1047 1567 sed
1064 1499 1213 1584 qualibet
1227 1499 1292 1567 alia

193 1627 293 1673 causa
317 1606 536 1691 prepeditum,
561 1605 610 1670 sic
631 1604 775 1670 'forsitan
801 1623 823 1670 a
848 1624 935 1689 pena
957 1603 1140 1671 constituta
1164 1605 1289 1687 poterit

191 1710 343 1786 liberari3
362 1729 477 1776 verum
496 1708 540 1775 ad
557 1707 762 1793 explendum
777 1719 972 1794 compotum
988 1729 1085 1774 suurn
1103 1707 1213 1775 nullus
1226 1729 1291 1796 pro

193 1833 234 1881 eo
261 1813 457 1896 suscipietur
485 1831 547 1879 nec
568 1812 811 1897 primogenitus
834 1811 922 1879 filius
947 1833 1009 1880 nec
1034 1813 1193 1898 gener-alis
1219 1817 1326 1888 eiusn

191 1927 395 2004 procurator,
413 1917 515 1984 etiam
536 1917 565 1982 si
587 1915 688 1982 breue
709 1937 806 1982 suum
829 1917 989 1984 direxerit
1010 1937 1047 1984 se
1067 1925 1176 1984 ratum
1198 1916 1336 1993 habi-15

192 2033 304 2089 turum
319 2022 409 2105 quod
425 2021 482 2088 ille
495 2018 548 2088 vel
564 2019 621 2086 ille
631 2040 693 2104 pro
707 2041 744 2086 se
759 2019 881 2089 iecerit
926 2021 1038 2089 Solius
1048 2041 1127 2088 vero
1142 2021 1289 2088 mandati

192 2126 282 2210 regii,
297 2125 349 2191 vel
366 2125 466 2192 etiam
485 2124 683 2210 presidentis
700 2126 906 2204 auctoritate,
924 2125 952 2192 si
970 2146 1031 2192 rex
1048 2125 1167 2192 absens
1181 2124 1291 2206 inerit,

192 2231 237 2296 ad
257 2239 452 2313 compotum
471 2249 569 2294 suum
584 2228 789 2314 explendum
809 2229 912 2296 alium
926 2229 1050 2316 poterit
1069 2229 1287 2308 substituere3

191 2333 219 2400 si
228 2330 624 2410 camenaliudadomino
635 2351 712 2417 rege
723 2333 895 2418 negotium
904 2332 967 2400 sibi
976 2340 1069 2418 gerat
1077 2332 1291 2417 assignatum,

191 2437 263 2522 ipse
280 2438 325 2502 ad
344 2435 544 2504 scaccarium
563 2435 598 2500 in
618 2435 753 2522 propria
770 2455 911 2520 persona
928 2445 1117 2522 presentem
1138 2436 1289 2502 nominet
1305 2461 1335 2498 ιο

191 2541 258 2625 qui,
283 2541 380 2606 iuxta
405 2539 496 2623 quod
522 2538 748 2624 supradictum
778 2547 838 2618 est,
863 2541 969 2624 possit
995 2548 1030 2606 et
1055 2538 1176 2606 debent
1201 2540 1290 2606 vice·

190 2643 319 2711 comitis
348 2642 495 2710 absentis
523 2643 659 2727 negotia
686 2663 870 2728 procurare.
930 2643 1018 2710 Illud
1044 2653 1158 2709 autem
1186 2643 1288 2710 breue

190 2748 276 2832 regis
298 2746 352 2813 vel
375 2745 573 2830 presidentis
601 2745 655 2812 vel
677 2746 879 2814 vicecomitis
904 2747 1096 2813 excusantis
1119 2747 1153 2812 in
1179 2745 1287 2814 forulo

190 2851 374 2918 marescalli
389 2851 482 2916 cuius
496 2871 597 2936 supra
611 2851 824 2917 meminimus
837 2851 872 2916 in
886 2852 1115 2918 testimonium
1129 2849 1226 2917 huius
1241 2854 1287 2916 rei

188 2955 419 3024 reseruabitur.
473 2953 576 3040 Quod
590 2955 618 3020 si
636 2955 822 3020 vicecomes
839 2954 922 3022 alias
936 2955 1005 3039 regi
1020 2953 1224 3022 necessarius
1241 2957 1286 3022 ab
1303 2978 1332 3030 25

190 3063 263 3148 ipso
280 3071 419 3128 vocatus
437 3057 534 3126 fuerit
554 3070 652 3126 extra
670 3077 820 3144 regnum,
834 3059 897 3140 vel,
911 3069 1050 3146 accepta
1067 3059 1211 3138 licencia,
1225 3079 1286 3145 pro

188 3165 405 3231 familiaribus
429 3163 569 3249 negotiis
596 3163 689 3230 exire
713 3163 921 3249 disposuerit,
946 3165 1037 3248 prius
1063 3163 1285 3248 presidentem

189 3271 288 3336 adeat
313 3278 347 3334 et
368 3269 445 3334 viua
469 3287 551 3334 voce
574 3267 661 3334 vices
687 3287 764 3334 suas
787 3267 830 3334 ad
857 3268 1057 3336 scaccarium
1078 3267 1211 3352 deleget
1232 3269 1286 3334 cui

188 3373 329 3440 voluerit
351 3373 423 3439 viro
444 3371 634 3456 legittimo;
656 3393 723 3456 quo
744 3371 842 3450 sacto,
857 3392 934 3438 cum
955 3373 1076 3439 absens
1097 3371 1202 3449 suerit,
1225 3393 1285 3438 nec

188 3478 290 3544 breue
309 3477 440 3544 mittere
455 3495 517 3542 nec
535 3475 720 3542 absentiam
738 3495 833 3542 suam
851 3495 1011 3542 excusare
1023 3485 1169 3563 cogetur.
1213 3477 1286 3542 Ex·
1299 3498 1331 3548 ³⁰

187 3591 326 3649 cusante
345 3603 426 3648 vero
444 3602 481 3648 se
498 3580 694 3648 vicecomite
712 3601 812 3648 causa
830 3579 1038 3663 infirmitatis,
1052 3603 1129 3650 curn
1146 3593 1285 3650 ventum

186 3685 286 3754 luerit
314 3686 357 3753 ad
387 3686 597 3753 scribendum
626 3685 697 3751 eius
729 3695 923 3772 compotum
958 3687 992 3752 in
1024 3687 1134 3753 annali
1166 3685 1286 3767 rotulo,

186 3792 316 3858 dicetur
343 3788 560 3871 ‘willelmus
585 3790 769 3858 vicecomes
798 3790 983 3872 Londonie,
1009 3791 1177 3858 Robertus
1199 3789 1286 3858 filius

187 3893 258 3970 eius
272 3914 333 3978 pro
353 3913 404 3970 eo,
416 3895 526 3960 reddit
544 3902 737 3978 compotum
755 3896 798 3962 de
816 3894 912 3964 firma
929 3897 970 3962 de
986 3893 1181 3962 Londonia'
1233 3895 1285 3961 At

185 3999 213 4062 si
231 4017 291 4084 per
310 3997 397 4082 regis
418 3999 611 4066 mandatum
631 3997 715 4065 alius
734 3999 796 4065 sibi
816 3999 1036 4081 substituitur,
1050 3999 1104 4065 vel
1120 4000 1192 4086 ipse
1209 3999 1285 4065 viua
1299 4015 1330 4068 3⁵

222 4166 471 4294 3ιᾳοολ1ηιοᾱοίἒ
554 4181 588 4236 14
605 4165 788 4252 neanisist
865 4171 898 4226 18
916 4169 1084 4242 explendum
1095 4169 1286 4230 aiummR

185 4254 222 4382 ἑξ
232 4237 843 4383 Ξὲῗωάωίῗεοέῧέεωῖῃξᾶὲῗῇῗω
850 4241 904 4384 Ιζς
922 4239 1289 4385 ipglbffiulnl'lmeN
