3228 4868
167 279 290 372 11x1-·]
537 283 604 349 DE
629 281 905 351 SCACCARlO
1207 295 1269 370 135

167 453 290 520 herede
310 451 367 537 qui
387 451 454 518 iam
473 451 607 518 adultus
627 453 680 533 sit,
696 472 763 518 non
784 453 966 519 secundum
986 452 1202 520 constitutam
1224 453 1269 519 de

167 559 230 623 hiis
256 577 422 624 summam
447 557 518 642 regi
547 555 727 624 satisfaciet
752 567 803 622 set
828 557 1009 624 secundum
1036 557 1125 640 quod
1148 578 1169 622 a
1190 576 1268 642 rege

167 662 292 748 poterit
321 661 480 744 optinere.
538 659 639 744 Quod
671 661 699 726 si
729 663 837 726 minor
865 669 955 727 etate
985 660 1084 726 luerit
1111 661 1208 726 heres
1234 661 1268 725 in

168 765 320 832 custodia
337 764 538 831 constitutus
553 765 750 850 legittimam
768 773 893 831 etatem
911 764 1166 848 prestolabitur3
1188 773 1268 831 tunc

167 880 280 936 autem
306 869 359 934 vel
387 870 499 954 gratis,
525 869 610 935 sicut
638 869 765 934 dictum
792 879 852 946 est,
874 869 926 934 vel
957 870 1138 935 secundum
1168 869 1296 948 bene-5

168 973 328 1058 placitum
351 973 449 1058 regis,
464 973 550 1040 sicut
568 971 702 1038 adultus
717 972 936 1040 hereditatem
956 983 1131 1058 paternam
1155 973 1266 1039 nanci-

168 1087 286 1144 scetur.
326 1075 363 1142 Si
377 1097 457 1142 vero
471 1077 648 1144 decesserit
657 1077 731 1162 quis
746 1074 864 1144 tenens
882 1087 962 1143 tunc
977 1080 1021 1144 de
1036 1097 1114 1162 rege
1130 1076 1267 1142 feodum

168 1181 292 1260 militis,
307 1199 374 1246 non
390 1181 526 1264 quidem
546 1182 675 1246 ratione
689 1201 812 1247 corone
831 1183 928 1265 regie,
944 1191 996 1248 set
1010 1181 1123 1266 potius
1141 1181 1268 1247 ratione

168 1285 306 1352 baronis
320 1285 505 1366 cuiuslibet,
519 1304 585 1368 que
599 1284 719 1368 quouis
733 1305 812 1350 casu
827 1286 862 1350 in
878 1305 1015 1351 manum
1030 1285 1117 1370 regis
1132 1284 1268 1369 delapsa

168 1401 228 1470 est,
242 1391 327 1454 sicut
342 1399 393 1454 est
413 1390 626 1476 episcopatus
642 1401 783 1455 vacante
803 1390 892 1468 sede,
912 1387 1007 1454 heres
1026 1390 1093 1453 iarn
1111 1387 1267 1466 defuncti,
1282 1413 1314 1451 ιο

168 1497 196 1558 si
218 1493 353 1560 adultus
376 1503 436 1570 est,
452 1513 515 1578 pro
537 1493 638 1562 feodo
660 1493 773 1560 militis
795 1515 823 1560 c.
845 1493 969 1559 solidos
991 1493 1186 1569 numerabit,
1206 1511 1268 1577 pro

168 1597 300 1664 duobus
320 1617 355 1664 x.
374 1598 484 1678 libras,
504 1608 538 1664 et
557 1599 605 1664 ita
622 1597 791 1682 deinceps,
806 1597 903 1663 iuxta
922 1615 1095 1662 numerum
1113 1596 1269 1677 militum,

168 1723 253 1786 quos
273 1701 408 1767 domino
428 1703 587 1768 debuerat
607 1709 786 1787 antequam
808 1702 853 1767 ad
872 1699 988 1765 fiscum
1008 1699 1167 1765 deuoluta
1181 1699 1268 1766 foret

168 1807 343 1872 hereditas.
388 1805 489 1892 Quod
512 1806 539 1871 si
562 1806 670 1872 minor
690 1808 785 1872 annis
807 1804 902 1870 heres
924 1803 1057 1871 relictus
1077 1805 1268 1888 fueritque

169 1912 213 1976 de
238 1909 423 1976 hereditate
448 1909 519 1976 eius
547 1909 756 1995 proueniunt,
786 1909 913 1974 ratione
942 1909 1092 1973 custodie
1116 1917 1267 1993 tempore
1282 1929 1312 1983 1⁵

169 2012 340 2098 pupillaris
354 2015 451 2081 etatis
466 2014 547 2080 fisco
559 2015 765 2100 prouenient,
777 2015 863 2078 sicut
877 2013 1004 2078 dictum
1019 2022 1080 2078 est.
1118 2012 1267 2078 Relictus

169 2128 324 2184 autema
346 2129 441 2204 patre
463 2119 529 2184 iam
551 2118 686 2184 adultus
708 2137 769 2203 pro
790 2117 926 2202 singulis
948 2115 1054 2180 leodis
1073 2115 1216 2180 militum
1238 2136 1266 2181 c.

169 2222 292 2288 solidos
306 2222 426 2303 soluet,
444 2221 612 2289 ueletiam
633 2222 739 2298 inira3
760 2220 825 2286 hoc
843 2230 895 2288 est
914 2219 933 2284 l.
953 2219 1078 2285 solidos
1093 2219 1120 2285 si
1139 2219 1267 2286 dimidii

170 2327 283 2392 militis
304 2326 439 2392 feodum
462 2326 643 2412 possederit
665 2326 768 2391 etsie
791 2324 956 2409 deinceps.
1004 2323 1076 2389 Nec
1106 2331 1140 2388 te
1165 2323 1268 2388 lateat

169 2432 259 2514 quod
288 2431 359 2496 eius
384 2451 484 2516 quem
508 2431 541 2496 in
566 2430 718 2496 custodia
744 2449 804 2515 per
829 2427 957 2512 aliquot
983 2447 1088 2493 annos
1112 2427 1267 2494 habueris
1282 2458 1314 2494 ιο

170 2545 205 2599 et
230 2536 445 2619 possessionis
467 2535 537 2601 eius
562 2537 714 2610 fructum,
739 2553 814 2601 cum
844 2534 889 2598 ad
918 2541 1042 2597 etatem
1067 2531 1268 2616 legittimam

169 2639 368 2721 perueneritss
383 2639 542 2704 releuium
557 2646 705 2724 repetere
720 2659 787 2703 non
804 2634 942 2701 valebis.

213 2740 411 2824 Discipulos.
455 2742 495 2806 In
511 2741 573 2808 hac
587 2749 682 2827 parte
694 2762 755 2826 pro
770 2739 903 2824 pupillis
917 2739 974 2804 lex
990 2738 1115 2804 iudicat
1129 2749 1164 2804 et
1178 2741 1268 2822 quod
1281 2756 1303 2808 lt

170 2845 236 2928 piis
252 2845 417 2911 mentibus
431 2846 516 2911 bene
532 2846 635 2921 sedet,
650 2844 805 2910 decernit.

213 2946 388 3032 Magister.
434 2947 489 3016 Sic
504 2958 564 3030 est,
579 2957 630 3014 set
642 2949 685 3013 de
699 2947 877 3032 propositis
891 2965 1137 3031 prosequamur.
1182 2944 1268 3009 Item
1282 2967 1313 3020 ²5

169 3063 219 3118 est
234 3061 269 3118 et
284 3053 418 3119 tertium
434 3073 538 3137 genus
552 3053 778 3118 excidentium
796 3050 849 3117 vel
859 3059 1063 3115 escaetanrm
1078 3049 1170 3132 quod
1188 3046 1269 3114 fisco

168 3159 322 3240 prouenit
348 3157 417 3223 iure
442 3167 613 3242 perpetuo.
668 3154 755 3220 Cum
779 3153 897 3238 aliquis
922 3154 965 3218 de
988 3173 1067 3236 rege
1092 3163 1210 3219 tenens
1233 3153 1268 3216 in

168 3261 289 3344 capite,
303 3261 484 3346 perpetrati
502 3258 633 3326 sceleris
648 3259 710 3325 sibi
729 3260 891 3338 conscius,
906 3258 977 3324 siue
995 3259 1037 3323 sit
1052 3257 1083 3321 ei
1100 3256 1269 3322 obiectum

168 3365 337 3444 smenon,
359 3363 480 3430 relictis
502 3373 614 3430 tamen
637 3363 791 3428 omnibus
813 3361 1005 3446 perfugam
1028 3361 1095 3426 vite
1116 3358 1268 3439 consulit,

169 3467 224 3533 vel
243 3467 271 3532 si
292 3489 393 3552 super
414 3469 532 3534 eodem
554 3467 688 3533 obiecto
710 3467 882 3532 conuictus
902 3465 955 3530 vel
978 3465 1159 3544 confessus,
1181 3473 1269 3530 terra
1282 3484 1315 3535 ³0

169 3571 268 3636 simul
299 3581 333 3638 et
362 3573 432 3638 vita
461 3571 625 3638 iudicatur
654 3571 809 3653 indignus
821 3591 829 3650 ;
867 3570 988 3646 omnia,
1017 3589 1083 3652 que
1111 3569 1161 3634 sui
1191 3569 1270 3633 iuris

169 3673 310 3752 fuerant,
333 3696 415 3740 mox
441 3675 632 3742 infiscantur
653 3685 688 3740 et
715 3675 865 3740 redditus
888 3693 1005 3738 omnes
1031 3693 1141 3738 annuo
1165 3672 1270 3736 immo

169 3790 205 3844 et
219 3786 381 3863 perpetuo
396 3780 466 3844 iure
477 3780 521 3844 ad
532 3777 733 3844 scaccarium
748 3799 769 3842 a
780 3777 974 3842 vicecomite
984 3777 1224 3861 persoluuntur,
1234 3785 1269 3841 et

169 3885 261 3966 quod
292 3904 338 3948 ex
368 3881 545 3948 mobilibus
568 3903 682 3948 eorum
707 3881 850 3947 venditis
878 3882 1043 3966 prouenit,
1069 3880 1138 3963 regi
1170 3879 1269 3946 cedit.

200 4086 509 4213 1¹j⁰ffimliimN
581 4099 613 4155 ι3
632 4085 762 4211 ἀοιιὶίἱυιιε
776 4085 810 4211 08
872 4099 919 4170 ⁸13,
934 4081 1269 4209 ¹†.J⁰‘⁶th⁸ffi‘⁸³·z·

169 4169 378 4312 bilffl'„
398 4165 606 4284 ...illm
618 4173 670 4282 Ἓξ·
683 4158 1111 4308 ...alm'tt'lztj’s
1187 4153 1270 4282 2⁶2¹}

169 4297 294 4371 emtum]
309 4299 487 4358 mterdumli
576 4311 611 4370 29
628 4315 750 4355 nonam.
763 4299 791 4354 R
878 4310 914 4367 34
932 4313 991 4368 regr
1004 4295 1192 4353 cedrtmN
