3210 4864
563 339 890 442 [PROLOGUS]

245 503 349 572 NNO
360 501 455 570 xxiii.
471 505 563 590 regni
578 505 664 590 regis
675 505 812 572 Henrici
827 506 963 572 secundi
978 527 1053 574 cum
1069 507 1219 574 sederem
1234 508 1277 572 ad
1291 525 1315 574 Α

115 665 118 670 .
289 608 469 676 fenestram
491 609 626 694 specule
647 629 713 695 que
734 619 785 676 est
805 610 900 678 iuxta
920 609 1056 678 fluuium
1078 611 1277 678 Tamensem

177 712 302 780 lactum
328 723 380 780 est
409 712 548 780 verbum
577 713 724 781 hominis
753 713 788 779 in
813 715 940 800 impetu
965 715 1129 801 loquentis
1154 717 1198 782 ad
1225 735 1279 780 me

177 817 289 883 dicens
306 817 488 903 ‘Magister
502 837 614 884 nonne
628 817 737 904 legisti
752 819 843 903 quod
859 819 893 885 in
908 819 1042 887 scientia
1055 819 1108 886 vel
1123 819 1279 887 thesauro

177 919 376 987 abscondito
405 920 498 985 nulla
526 921 570 986 sit
598 919 766 988 utilitasl’
821 921 885 990 Cui
920 941 997 989 cum
1033 923 1306 1006 respondissem

178 1022 302 1108 ‘Legi'
326 1023 440 1090 statim
467 1023 589 1090 intulit.
634 1023 723 1092 ‘Cur
748 1043 828 1110 ergo
852 1025 1022 1092 scientiam
1047 1027 1091 1091 de
1116 1026 1278 1092 scaccario

178 1145 246 1211 que
260 1147 363 1212 penes
377 1137 411 1192 te
427 1125 570 1211 plurima
587 1147 660 1194 esse
676 1127 796 1195 dicitur
810 1127 896 1195 alios
913 1149 980 1194 non
994 1129 1095 1194 doces
1109 1137 1144 1194 et
1158 1147 1202 1194 ne
1215 1128 1276 1194 tibi

177 1233 413 1298 commoriatur
432 1231 558 1316 scripto
576 1231 810 1300 commendas!
854 1233 944 1298 Tum
962 1251 1035 1318 ego,
1052 1231 1161 1298 ‘Ecce
1178 1231 1278 1297 irater

178 1335 223 1400 ad
243 1335 445 1400 scaccarium
464 1335 531 1398 iam
550 1355 611 1420 per
629 1334 735 1402 multa
755 1343 908 1420 tempora
927 1335 1077 1402 resedisti
1094 1343 1129 1400 et
1146 1333 1229 1400 nihll
1243 1344 1277 1400 te

177 1437 263 1504 latet
284 1459 360 1503 curn
382 1437 593 1524 scrupulosus
613 1439 669 1504 sis.
713 1437 769 1506 Sic
791 1449 826 1507 et
847 1439 891 1505 de
912 1439 1029 1506 ceteris
1051 1437 1109 1523 qui
1131 1437 1277 1503 assident
1293 1463 1324 1500 ιο

178 1541 354 1626 probabile
377 1539 446 1608 est!
492 1541 543 1608 At
568 1541 633 1620 ille,
659 1540 772 1608 ‘Sicut
797 1541 854 1628 qui
879 1541 913 1608 in
937 1541 1083 1608 tenebris
1104 1542 1278 1608 ambulant

178 1653 212 1710 et
228 1644 380 1712 manibus
395 1645 534 1730 palpant
547 1646 736 1731 frequenter
749 1646 932 1726 offendunt,
946 1645 992 1712 sic
1007 1645 1072 1710 illic
1088 1645 1185 1711 multi
1200 1647 1277 1711 resi·

178 1750 260 1814 dent
280 1750 338 1832 qui
352 1749 500 1815 videntes
520 1770 587 1816 non
602 1751 715 1817 vident
734 1759 770 1816 et
788 1751 962 1816 audientes
981 1770 1047 1816 non
1067 1747 1278 1836 intelligunt.’

177 1851 268 1918 Tum
291 1853 627 1937 ego,‘1rreuerenter
650 1854 802 1938 loqueris,
825 1872 886 1920 nce
912 1853 1001 1919 enim
1026 1853 1163 1920 scientia
1185 1863 1278 1920 tanta

178 1965 230 2024 est
240 1957 293 2021 vel
308 1957 352 2022 de
365 1957 487 2035 tantls3
508 1965 560 2023 set
574 1957 659 2023 lorte
673 1965 751 2024 sunt
765 1957 840 2036 illis,
850 1957 907 2043 qui
924 1977 1045 2044 magna
1060 1967 1277 2040 aucupantur,
1292 1985 1302 2022 ι
1307 1988 1322 2038 5

178 2061 279 2128 corda
293 2071 331 2126 ut
345 2061 446 2145 pedes
460 2055 571 2144 aquile
583 2061 639 2145 qui
654 2081 756 2146 parua
770 2081 837 2128 non
852 2061 994 2128 retinent
1008 2069 1043 2126 et
1056 2079 1142 2144 quos
1155 2079 1277 2146 magna

176 2184 245 2230 non
260 2162 441 2250 effugiunt!
478 2165 526 2231 Et
541 2163 605 2245 ille,
616 2165 728 2248 ‘Esto,
743 2173 793 2232 set
807 2166 885 2232 lioet
898 2165 1009 2250 aquile
1023 2163 1142 2231 celsius
1155 2165 1276 2244 volent,

176 2278 291 2335 tamen
317 2269 351 2334 iu
377 2267 557 2334 humilibus
585 2266 760 2354 quiescunt
790 2277 825 2335 et
853 2267 1049 2348 reficiuntur,
1074 2275 1109 2334 et
1138 2269 1185 2334 ob
1212 2268 1277 2336 hoc

177 2370 316 2437 humilia
328 2371 425 2437 nobis
435 2373 561 2456 exponi
573 2372 717 2458 petimus
732 2372 812 2458 ipsis
827 2371 945 2456 aquilis
959 2370 1148 2457 profutura'
1185 2371 1275 2438 Tum

178 2494 253 2560 ego,
273 2474 425 2541 ‘Veritus
446 2495 521 2541 sum
543 2477 586 2542 de
607 2475 668 2543 biis
691 2475 789 2542 rebus
811 2495 895 2562 opus
916 2485 1096 2543 contexere
1116 2495 1182 2560 que
1203 2495 1275 2541 cor·
1290 2507 1321 2544 ιο

177 2579 288 2664 porcis
305 2580 457 2646 sensibus
477 2580 626 2647 subiecta
646 2589 723 2646 suut
741 2589 774 2646 et
792 2581 965 2646 cotidianis
978 2581 1092 2646 usibus
1105 2579 1277 2660 vilescunt,

180 2703 243 2751 nec
263 2691 316 2749 est
336 2683 390 2748 vel
411 2703 485 2750 esse
506 2691 618 2768 potest
640 2685 674 2750 in
697 2685 745 2751 eis
769 2684 940 2751 subtilium
967 2704 1075 2750 rerum
1101 2683 1277 2768 descriptio

178 2787 234 2854 vel
255 2788 400 2853 iocunda
420 2787 579 2854 nouitatis
601 2787 768 2855 inuentis.²
812 2788 860 2854 Et
880 2787 947 2870 ille,
967 2787 1053 2873 ‘Qui
1075 2787 1278 2852 nouitatrbus

179 2891 337 2976 gaudent,
367 2890 425 2974 qui
458 2889 629 2957 subtilium
663 2911 774 2958 rerum
808 2891 922 2976 lugam
953 2900 1125 2976 appetunt,
1153 2889 1277 2956 habent

180 2992 392 3061 Aristotilem
414 3002 448 3060 et
470 2992 570 3059 libros
593 2993 790 3074 Platonicos,
810 2996 947 3064 audiant
969 2993 1051 3059 illos.
1095 2991 1149 3058 Tu
1172 2991 1277 3059 scribe
1290 2987 1321 3090 ἓξ

178 3119 245 3165 non
274 3098 410 3166 subtilia
435 3105 488 3164 set
511 3096 626 3164 utilia'
669 3095 758 3164 Tum
784 3119 859 3184 ego,
883 3097 958 3164 ‘De
980 3097 1042 3162 hiis
1067 3095 1166 3162 rebus
1194 3114 1276 3180 quas

177 3204 266 3290 petis
281 3201 484 3289 impossibile
499 3211 550 3267 est
565 3202 626 3268 nisi
642 3203 808 3269 rusticano
822 3221 973 3268 sermone
991 3209 1026 3266 et
1045 3200 1276 3267 communibus

179 3305 269 3390 loqui
282 3302 414 3371 verbis?
456 3305 507 3370 At
528 3306 584 3372 ille
599 3306 691 3372 velut
711 3323 887 3372 succensus
908 3303 941 3370 iu
962 3305 1054 3385 iram,
1077 3303 1275 3370 desideranti

181 3411 269 3476 enim
284 3410 397 3476 animo
412 3408 492 3474 nihil
507 3410 588 3476 satis
602 3409 783 3488 festinatur,
797 3407 852 3488 ait,
872 3405 1024 3474 ‘Artium
1039 3407 1213 3493 scriptores
1233 3427 1275 3472 ne

180 3513 285 3580 multa
306 3531 424 3598 parum
447 3513 548 3580 scisse
565 3511 756 3580 viderentur
777 3521 812 3578 et
833 3519 871 3578 ut
888 3531 941 3577 ars
960 3511 1120 3578 difficilior
1138 3513 1274 3598 cognitu
1288 3545 1321 3596 30

181 3615 283 3694 fieret,
305 3615 411 3683 multa
432 3615 677 3700 conquisierunt
698 3623 733 3683 et
754 3615 863 3682 verbis
889 3615 1064 3700 incognitis
1091 3615 1274 3700 palliarent.

178 3721 232 3788 Tu
256 3721 464 3788 scribendam
488 3729 595 3786 artem
621 3739 689 3786 non
715 3719 854 3804 suscipis
877 3727 930 3786 set
953 3720 1113 3804 quasdam
1137 3737 1275 3784 consue-

179 3825 310 3892 tudines
329 3833 364 3890 et
383 3823 638 3905 iurascaccarii,
651 3843 718 3910 que
737 3824 817 3910 quia
838 3824 1027 3891 communia
1048 3823 1173 3890 debent
1194 3841 1276 3902 esse,

216 3979 267 4035 1=6
288 3977 374 4034 Anno
401 4017 409 4033 .
433 4017 442 4033 .
466 4017 473 4032 .
498 3975 647 4033 scientiam
669 3977 734 4034 add
757 3975 805 4033 N¹
944 3989 961 4048 7
980 3974 1093 4049 dicitur]
1117 3977 1221 4036 debere
1243 3979 1280 4034 Ν

182 4061 262 4132 ross
278 4049 342 4105 Sic.
352 4047 800 4134 ..probabileestdelmircnrn
887 4061 918 4105 ιι
934 4049 1012 4106 Sicut
1022 4049 1059 4104 de
1068 4049 1218 4106 ceterisC:
1238 4051 1276 4108 de

179 4131 279 4176 ceteris
294 4118 401 4175 deleurt
420 4119 445 4176 C
462 4135 534 4175 cm.
654 4131 686 4191 15
705 4129 881 4204 aucupantur
894 4121 954 4176 scri
992 4122 1076 4177 brus:
1104 4131 1276 4204 occupantur

181 4191 262 4247 CNR
381 4191 415 4248 16
432 4207 490 4246 nou
513 4189 645 4262 paruaC
740 4261 747 4274 ·
768 4190 898 4260 19sob1s
1074 4203 1107 4262 25
1126 4201 1230 4263 scnpte
1248 4193 1277 4246 R

94 4275 99 4290 ·
179 4258 647 4333 reasonspcripaomne.
697 4261 1085 4388 ssubusloquimuraddll’*
1154 4275 1275 4333 32vero

179 4298 689 4402 massmannum}
736 4333 962 4390 marmarum
