3228 4868
179 278 295 372 11x1]
344 293 353 373 ξ
546 283 613 350 DE
636 281 911 352 SCACCARIO
1213 301 1275 373 137
1314 289 1328 302 ““

179 459 238 524 Ex
260 456 382 542 quibus
403 456 512 524 verbis
534 475 747 541 personarum
768 457 912 544 quedam
934 456 1104 525 distinctio
1126 458 1210 524 inter
1229 458 1277 524 sic

178 560 409 646 delinquentes
431 560 502 626 fieri
521 581 620 646 posse
637 560 776 642 videtur,
789 570 826 626 vt
848 561 914 626 alia
934 561 976 626 sit
991 562 1196 640 clericorum,
1210 563 1277 626 alia

179 665 350 742 laicorum,
375 665 537 744 condicio,
562 684 638 729 cum
661 684 759 748 pares
788 665 853 730 sint
880 665 913 729 in
941 665 1072 732 delicto.
1118 667 1205 731 Item
1231 677 1318 730 ex11

179 770 327 853 eoquod
345 770 479 835 additur
493 767 651 852 ‘publicis
670 768 806 833 inseruit
823 765 947 834 usuris'
962 771 1051 834 credi
1069 779 1191 855 potest,
1205 789 1278 834 esse

180 874 342 957 quasdam
369 892 436 938 non
463 871 611 955 publicas
637 871 757 954 quibus
785 871 813 936 si
843 873 917 956 quis
946 872 1118 954 adheserit,
1143 893 1186 940 an
1212 871 1305 958 legi5

179 977 387 1064 publicamm
402 975 572 1042 subiaceat
586 993 722 1056 prorsus
736 975 863 1057 ignoro.

223 1081 401 1166 Magister.
446 1078 582 1144 Frustra
599 1077 723 1144 credidi
741 1076 896 1145 breuibus
916 1089 950 1146 et
968 1080 1199 1146 communibus
1214 1079 1276 1146 tibi

180 1183 456 1260 satisfaciendum,
472 1201 548 1248 cum
563 1201 607 1245 ex
625 1181 814 1248 huiusmodi
832 1183 1039 1266 questionem
1057 1184 1168 1249 elicias
1184 1185 1276 1248 cuius

180 1288 345 1377 absolutio
380 1286 561 1371 peritorum
591 1285 754 1370 quosdam
786 1286 953 1371 hucusque
985 1287 1093 1353 latuit.
1147 1287 1274 1352 Verum

180 1393 271 1475 quod
286 1390 378 1470 dicis,
394 1397 457 1455 ‘ex
473 1389 584 1454 verbis
598 1390 663 1454 tuis
677 1389 869 1454 clericorum
885 1399 919 1454 et
935 1389 1095 1456 laicorum
1109 1391 1156 1456 sic
1170 1390 1274 1455 delin·
1292 1419 1324 1456 10

180 1496 355 1578 quentium
376 1494 506 1560 videtur
528 1513 599 1558 esse
620 1493 732 1577 dispar
753 1493 910 1572 condicio,
933 1514 1010 1560 cum
1032 1515 1128 1578 pares
1153 1495 1218 1558 sint
1241 1493 1276 1557 in

181 1594 322 1680 delicto,'
350 1617 418 1662 non
439 1593 599 1680 app'robo.
644 1595 738 1662 Sicut
760 1597 848 1661 enim
871 1597 905 1660 in
926 1599 1093 1680 gradibus,
1115 1597 1162 1662 sic
1185 1607 1219 1662 et
1242 1597 1276 1661 in

182 1703 288 1790 culpis
307 1701 476 1776 dissident,
494 1699 591 1764 iuxta
607 1699 744 1764 verbum
763 1700 844 1765 illud
863 1707 1009 1784 ‘quanto
1026 1702 1149 1786 gradus
1168 1701 1277 1776 altior,

181 1815 278 1873 tanto
292 1825 387 1872 casus
401 1799 562 1886 grauior.’·
589 1803 630 1867 In
644 1804 741 1868 bonis
757 1804 858 1869 etiam
874 1815 908 1870 et
923 1805 1098 1870 meritoriis
1114 1804 1278 1888 operibus,

183 1921 219 1976 vt
241 1908 438 1994 quibusdam
461 1907 567 1972 visum
590 1915 650 1989 est,
673 1907 821 1990 dispares
850 1918 935 1974 sunt.
980 1909 1074 1974 Laici
1098 1909 1197 1986 enim,
1219 1907 1278 1992 qui
1293 1935 1324 1988 15

183 2015 254 2080 voti
276 2010 470 2078 necessitate
493 2010 601 2076 minus
622 2017 785 2087 tenentur,
811 2009 1006 2093 ampliorem
1029 2011 1172 2095 gratiam
1201 2031 1278 2094 pro·

184 2117 301 2194 mereri
329 2115 492 2191 videntur,
517 2114 603 2180 sicut
632 2113 666 2178 in
696 2115 858 2199 peruersis
880 2117 1009 2182 actibus
1034 2117 1091 2194 bii,
1116 2115 1173 2198 qui
1198 2123 1280 2180 voto

184 2219 350 2308 religionis
374 2217 566 2290 inseruiunt,
589 2218 723 2302 grauius
744 2217 926 2284 offendunt.
971 2219 1033 2285 Set
1054 2221 1097 2285 de
1118 2218 1182 2282 hiis
1203 2218 1281 2284 hac-

184 2337 290 2392 tenus.
337 2322 454 2387 Habes
468 2330 581 2386 autem
597 2341 641 2385 ex
658 2322 911 2404 precedentibus
925 2322 1012 2388 vnde
1026 2331 1083 2387 tue
1098 2322 1282 2406 questionis

183 2451 260 2513 pars
289 2427 398 2513 prima
425 2423 535 2490 valeat
563 2424 702 2491 absolui.
747 2426 805 2490 Ex
835 2448 876 2493 eo
905 2428 995 2491 enirn
1024 2427 1114 2510 quod
1145 2425 1282 2492 clericus
1296 2445 1328 2482 ²0

184 2533 290 2600 usuris
326 2529 506 2595 inseruiens
543 2529 714 2612 dignitatis
745 2549 805 2594 sue
841 2529 1051 2614 priuilegium
1087 2529 1282 2608 demeretur,

185 2657 301 2720 parem
322 2634 408 2700 laico
429 2634 476 2697 sic
498 2631 702 2716 delinquenti
724 2653 846 2717 penam
866 2633 929 2698 sibi
952 2641 1126 2712 mercatur,
1148 2643 1193 2712 vt,
1209 2633 1282 2716 ipso

185 2739 341 2806 videlicet
358 2737 400 2802 de
419 2736 528 2801 medio
547 2735 690 2815 sublato,
705 2737 818 2802 omnia
840 2736 909 2801 eius
929 2735 1064 2802 mobilia
1086 2735 1165 2802 fisco
1183 2738 1281 2802 debe-

186 2853 294 2910 antur.
353 2839 508 2906 Ceterum
526 2840 624 2906 sicut
652 2859 673 2904 a
702 2835 920 2925 prudentibus
948 2841 1144 2924 accepimus,
1173 2840 1207 2904 in
1236 2842 1283 2906 sic

186 2946 435 3028 delinquentem
473 2942 627 3009 clericum
667 2942 720 3008 vel
756 2942 878 3008 laicum
922 2941 1155 3022 Christianum,
1192 2945 1282 3028 regia
1296 2965 1327 3018 ²⁵
1392 2975 1396 2986 ·

185 3061 337 3138 potestas
348 3049 514 3114 actionem
526 3067 591 3112 non
603 3047 713 3123 habet,
724 3047 805 3111 dum
816 3048 883 3112 vita
894 3067 1006 3112 comes
1015 3046 1120 3126 fuerit,
1132 3059 1282 3132 superest
1295 3059 1310 3110 1

186 3156 274 3219 enim
304 3151 486 3236 penitentie
510 3159 665 3233 tempus3
695 3158 747 3214 set
777 3151 882 3234 magis
911 3151 1133 3217 ecclesiastico
1162 3152 1282 3218 iudicio

185 3267 370 3325 resematur
390 3274 452 3338 pro
472 3253 522 3319 sui
542 3262 648 3318 status
669 3253 831 3336 qualitate
845 3255 1146 3338 condempnandos.
1193 3253 1281 3320 Cum

185 3371 300 3428 autem
330 3358 390 3423 fati
421 3377 540 3422 munus
574 3355 782 3439 expleuerit„
798 3377 859 3422 sua
892 3359 1015 3438 omnia,
1044 3357 1181 3424 ecclesia
1213 3377 1281 3424 non

186 3465 395 3537 reclamante,
415 3461 485 3545 regi
503 3460 635 3540 cedunt,
649 3461 722 3539 nisi,
742 3459 828 3525 sicut
848 3461 975 3528 dictum
993 3471 1054 3541 est,
1069 3463 1139 3526 vita
1159 3462 1282 3528 comite
1295 3493 1327 3543 ³0

186 3571 288 3654 digne
310 3565 487 3652 penituerit
505 3573 548 3644 et,
570 3572 774 3629 testamento
798 3565 940 3641 condito,
958 3585 1023 3649 que
1041 3565 1151 3650 legare
1170 3567 1282 3630 decre·

186 3675 280 3750 uerit,
297 3694 331 3737 ¹a
360 3691 397 3736 se
431 3689 563 3754 prorsus
595 3667 794 3734 alienauerit.
839 3669 959 3734 Restat
989 3669 1101 3752 itaque
1132 3677 1169 3732 vt
1199 3689 1283 3752 quas

185 3772 373 3862 ‘publicas'
396 3773 545 3837 dicamus
569 3770 722 3837 ‘usuras'
746 3779 780 3836 ct
802 3791 886 3855 quas
907 3773 993 3836 ‘non
1018 3769 1188 3854 publicas'
1220 3791 1281 3836 ex·

186 3879 371 3965 pediamus,
395 3877 527 3957 deinde,
540 3875 578 3948 ,si
604 3875 675 3960 pari
701 3873 774 3960 lege
788 3883 976 3946 ,teneantur
999 3875 1056 3960 qui
1078 3875 1112 3939 in
1134 3875 1282 3959 utrisque

223 4046 236 4116 ‚¹
277 4035 321 4086 ost
331 4027 553 4112 distinctioadd
566 4027 681 4098 quodR
762 4025 897 4111 sicheC
981 4025 1283 4108 2·videtur]videreR

187 4035 382 4174 3rnfeumR
442 4099 671 4157 osubnoentn'
727 4098 900 4182 deiciasCu
941 4099 1082 4168 udrspar
1094 4101 1186 4181 om.·R
1250 4111 1282 4168 13

186 4172 304 4257 quanto]
313 4171 487 4243 quantaNR
541 4183 573 4236 14
585 4177 613 4224 et
622 4167 721 4224 ΜΝ
744 4178 917 4252 ‘mentonis
926 4169 1016 4252 oan
1065 4183 1187 4224 aoemm
1197 4169 1286 4252 md

186 4239 633 4386 gzffisuzptemffiurcn
648 4237 1090 4384 33²2031tce¹r¹ntlcllpiuilliicaslllrrrrolnlile
1114 4237 1285 4381 34²anss

231 4437 340 4471 numae.
726 4409 751 4461 T
