3228 4868
304 297 367 361 nu
669 255 737 346 ba
759 275 1036 348 scaccnmo
1269 269 1314 367 [11
1329 277 1362 344 n
1376 285 1405 342 u·

298 467 381 516 voce
396 449 487 516 sicut¹
496 446 682 536 predictum
697 457 755 516 est
766 449 911 534 aliquem
928 469 989 534 pro
1007 468 1042 514 se
1060 445 1281 532 designauerit
1298 446 1401 532 presi-

300 555 403 632 denti,
430 556 477 619 sic
500 573 559 638 per
583 554 696 619 omnia
717 553 899 620 dicendum
929 561 980 620 est
1001 574 1041 620 ac
1065 553 1093 618 si
1115 553 1187 637 ipse
1211 553 1245 616 in
1267 549 1403 636 propria

264 677 286 728 c
300 678 442 742 persona
456 658 500 723 ad
514 666 707 741 compotum
722 657 889 724 resideret.

343 760 539 845 Dricr'pulus.
584 761 759 846 Numquid
782 761 953 828 iufirmitas
976 761 1048 828 sola
1074 761 1240 828 sufficiens
1266 769 1317 826 est
1338 777 1403 823 exa

271 891 287 939 5
301 866 427 930 cusatio
441 885 614 950 perquam
633 865 755 931 citatus
768 867 890 932 absens
904 877 1054 932 seruetur
1068 867 1279 950 indempnis?

343 970 519 1053 Magister.
562 969 684 1036 Absit:
707 980 785 1036 sunt
809 972 897 1036 cuim
920 971 1032 1056 plures
1054 972 1098 1037 ad
1120 969 1329 1045 scaccarium,
1350 965 1404 1031 set

299 1075 362 1139 hec
387 1073 514 1140 tamin
536 1072 650 1140 litibus
671 1093 772 1157 quam
794 1074 828 1139 in
850 1075 923 1142 aliis
945 1075 1087 1160 negotiis
1108 1073 1341 1140 ecclesiasticis
1367 1079 1403 1136 et

301 1177 485 1244 forensibus
510 1187 561 1243 est
589 1177 749 1244 usitatior.
794 1178 898 1244 Porro
925 1178 1024 1244 'decet
1053 1187 1088 1244 te
1117 1197 1190 1244 esse
1220 1193 1403 1242 memorem

302 1282 526 1366 predictorum
540 1291 578 1348 vt
596 1281 763 1368 intelligas
780 1281 905 1347 nullam
922 1281 1174 1348 excusationem
1194 1282 1259 1347 hoc
1275 1278 1404 1344 efficere

259 1404 289 1442 ιο
301 1395 338 1450 vt
353 1385 439 1470 regis
454 1385 594 1470 pecunia
608 1387 651 1451 de
664 1385 829 1450 comitatu
851 1384 990 1451 collecta
1004 1406 1105 1470 penes
1122 1405 1200 1452 eum
1217 1385 1409 1450 detineatur

302 1491 439 1573 impune
449 1489 503 1554 vel
518 1489 562 1555 ad
577 1490 776 1556 scaccarium
790 1489 844 1556 die
859 1491 1030 1556 nominata
1040 1511 1108 1555 non
1120 1491 1280 1556 mittatur.
1325 1486 1405 1550 Pre-

303 1593 405 1657 missa
419 1613 499 1675 ergo
518 1593 669 1677 pecnnia,
684 1593 807 1676 poterit
826 1593 978 1659 excusari
998 1613 1057 1676 per
1069 1592 1304 1680 ‘infirmitatem
1320 1591 1408 1655 sicut

304 1699 430 1763 dictum
451 1707 516 1764 est.
563 1697 657 1776 Item,
684 1699 712 1762 si
738 1697 826 1763 filius
853 1698 924 1764 eius
952 1698 1192 1783 primogenitus
1218 1717 1320 1781 quem
1346 1697 1407 1761 de-

303 1801 443 1867 clarauit
458 1801 613 1867 heredem
625 1809 702 1886 post
713 1822 749 1867 se
761 1801 919 1880 futurum,
929 1803 1030 1868 morti
1044 1803 1218 1886 proximus
1233 1800 1406 1880 iudicetur,

261 1923 290 1976 ¹5
305 1905 535 1983 excusaturum
562 1905 653 1986 item,
679 1905 707 1968 si
736 1925 822 1970 vxor
847 1905 917 1971 eius
942 1905 1062 1972 dolore
1087 1914 1203 1990 partus
1228 1902 1408 1988 periclitari

305 2009 430 2093 ceperit
444 2007 497 2074 vel
517 2009 635 2091 quauis
650 2008 716 2075 alia
735 2010 778 2074 de
795 2029 895 2074 causa
915 2010 1014 2077 morti
1032 2011 1189 2095 proxima
1205 2007 1408 2086 decubuerit,

305 2113 383 2196 quia
391 2113 502 2195 portio
513 2131 571 2176 sue
582 2114 690 2178 carnIs
701 2123 761 2190 est,
772 2114 922 2180 excusari
934 2115 1067 2198 poterit.
1112 2112 1408 2180 itemsidominus

307 2216 377 2280 eius
386 2217 449 2298 qui
463 2215 564 2298 vulgo
580 2215 676 2300 ligius
690 2217 818 2295 dicitur,
833 2215 886 2281 hic
902 2227 961 2296 est,
976 2218 1030 2282 cui
1044 2217 1106 2282 soli
1124 2217 1254 2283 ratione
1269 2215 1409 2280 dominii

307 2320 354 2382 sic
370 2327 500 2384 tenetur
511 2329 547 2384 vt
558 2328 673 2385 contra
688 2319 798 2404 ipsum
813 2319 914 2386 nichil
928 2320 984 2386 alii
993 2321 1123 2400 debeat,
1135 2341 1213 2406 rege
1228 2322 1410 2386 dumtaxat

263 2439 294 2476 ²0
307 2431 458 2505 excepto,
473 2422 643 2487 vocauerit
660 2423 781 2506 ipsum,
795 2431 832 2488 vt
847 2423 934 2489 adsit
952 2423 1017 2490 sibi
1031 2419 1139 2489 tracto
1159 2423 1193 2488 in
1208 2423 1259 2488 ius
1274 2423 1318 2488 de
1335 2430 1411 2488 toto

307 2525 406 2590 feodo
417 2545 478 2590 suo
492 2525 544 2590 vel
556 2525 626 2590 eius
640 2525 789 2592 maxima
803 2537 907 2611 parte,
918 2528 971 2593 vel
984 2548 1082 2613 super
1097 2527 1163 2594 alia
1178 2546 1360 2608 causaque
1374 2525 1411 2589 in

309 2637 415 2694 status
443 2627 496 2694 vel
521 2629 672 2714 corporis
701 2630 751 2695 sui
781 2631 1018 2697 detrimentum
1045 2633 1232 2697 redundare
1260 2630 1413 2695 videatur

270 2741 296 2791 D
311 2733 462 2798 excusari
487 2733 608 2816 poterit
620 2755 630 2813 ;
654 2733 702 2798 sic
729 2741 841 2799 tamen
867 2734 896 2799 si
920 2735 1073 2800 dominus
1098 2733 1155 2800 ille
1179 2753 1241 2798 nec
1268 2731 1414 2818 amplius

309 2855 469 2902 excusare
484 2855 545 2902 nec
560 2835 656 2904 aliter
671 2836 764 2902 litem
779 2837 945 2904 declinare
962 2837 1112 2904 valuerit.
1157 2835 1260 2921 Quod
1275 2837 1304 2901 si
1321 2837 1414 2901 idem

264 2953 293 3030 35
310 2939 465 3004 dominus
494 2940 596 3005 aliurn
617 2961 717 3023 super
746 2941 933 3008 huiusmodi
954 2941 1192 3021 sollicitauerit,
1215 2949 1250 3006 et
1272 2941 1416 3006 libemm

310 3043 352 3107 sit
367 3043 397 3108 ei
418 3043 544 3126 absque
563 3043 691 3108 enormi
711 3043 860 3129 dampno
879 3045 970 3110 diem
990 3065 1178 3130 prorogare,
1193 3045 1222 3109 si
1242 3045 1416 3110 uocauerit

312 3145 438 3210 domini
461 3147 547 3229 regis
568 3147 805 3225 vicecomitem,
821 3145 990 3214 hominem
1013 3148 1150 3230 quidem
1173 3167 1282 3224 suum,
1304 3147 1417 3212 venire

312 3265 379 3312 non
397 3249 562 3314 tenebitur
577 3249 661 3332 quia
682 3269 744 3314 nec
765 3249 811 3314 sic
827 3249 871 3314 ad
893 3252 1094 3316 scaccarium
1116 3257 1232 3334 posset
1252 3250 1417 3316 excusari

313 3349 400 3415 Item
429 3351 457 3415 si
488 3351 577 3416 idem
608 3353 762 3417 dominus
785 3352 855 3417 eius
884 3351 1087 3418 infirmitatis
1109 3353 1259 3436 pondere
1282 3373 1418 3438 pressus

267 3485 299 3534 30
312 3463 548 3519 testamentum
571 3473 682 3520 coram
703 3455 770 3520 suis
795 3455 939 3521 condere
960 3455 1101 3521 voluerit
1123 3465 1158 3520 et
1180 3456 1224 3522 ad
1246 3455 1313 3520 hoc
1339 3475 1418 3520 cum

312 3555 385 3622 aliis
402 3555 557 3623 fidelibus
576 3559 644 3624 suis
658 3559 769 3642 ipsum
790 3558 989 3636 euocauerit,
1004 3559 1228 3626 excusabitur.
1275 3561 1374 3639 Item,
1389 3559 1419 3624 si

312 3659 467 3724 dominus
486 3660 564 3739 eius,
579 3659 632 3724 vel
653 3681 740 3726 vxor
760 3659 814 3724 vel
836 3659 934 3739 filius,
954 3660 1069 3726 debita
1090 3663 1198 3727 carnis
1219 3663 1367 3739 soluerit,
1383 3673 1420 3728 et

313 3761 367 3824 hic
378 3763 492 3828 debita
503 3761 626 3828 funeris
639 3765 800 3846 obsequia
811 3764 1044 3848 procurauerit,
1055 3767 1209 3830 excusari
1222 3767 1420 3833 merebitur.

350 3940 435 3997 spru
467 3930 542 3986 uaC
603 3931 709 4004 7tam]
722 3939 817 3988 tamen
834 3931 961 3988 causac
1028 3933 1288 3992 ecclesiasticusN
1366 3935 1421 4003 7,8

313 4007 341 4051 et
353 3997 455 4054 forensi
476 4017 722 4058 us...memorem
734 4019 786 4056 om.
799 4003 835 4056 N
909 4003 1099 4060 limemorem
1111 4008 1215 4062 esseR
1293 4021 1327 4061 10
1338 4003 1421 4076 eum]

314 4067 449 4149 cumlls·
500 4071 531 4151 ιβ
548 4070 784 4143 diciturligiusC
850 4071 908 4142 bic]
921 4073 977 4129 boc
987 4074 1047 4129 NR
1117 4076 1162 4130 cui
1176 4075 1286 4132 ratione
1298 4078 1362 4133 sola
1375 4078 1421 4132 C:

314 4137 451 4215 ευωιειδι
471 4148 579 4195 ratione
599 4143 627 4196 R
706 4157 740 4210 24
756 4145 825 4212 post
846 4159 979 4200 excusare
997 4143 1061 4199 add.
1124 4147 1188 4202 terit
1212 4147 1256 4202 sic
1278 4147 1422 4204 tamensi

313 4205 445 4261 dommus
458 4207 552 4262 illeN
617 4212 652 4266 26
669 4210 757 4284 diem]
770 4211 885 4268 dicitN
946 4226 981 4284 27
999 4213 1095 4272 venire
1120 4217 1244 4274 venieR
1303 4231 1340 4290 ²9
1358 4217 1426 4276 eius

313 4274 415 4329 ΜΝ
497 4291 532 4346 32
550 4279 737 4344 solueretC,
