3228 4868
175 289 324 388 rvnm]
548 293 615 362 ou
638 291 913 364 scnccnmo
1238 307 1280 380 97

177 466 321 532 Henrici
343 465 442 552 primi
469 465 690 534 thesaurarius
715 475 751 534 et
772 485 877 552 nepos
906 463 1162 533 saresberiensis
1187 465 1280 531 cuius

177 591 281 662 supra
304 570 525 650 meminimus,
540 569 833 656 incomparabilem
855 569 924 636 suis
944 569 1152 654 temporibus
1165 569 1283 636 habuit

176 675 335 742 scaccarii
350 675 532 741 scientiam.
575 674 747 740 Maximus
759 674 859 740 etiam
874 673 1021 740 existens
1030 673 1063 738 in
1078 672 1142 738 hiis
1156 693 1222 758 que
1236 671 1280 738 ad

177 781 232 845 sui
262 789 369 846 status
400 778 597 865 dignitatem
625 778 847 863 pertinebant,
872 777 1035 844 celebrem
1062 779 1113 846 sui
1139 777 1283 844 nominis

178 883 307 949 samam
325 882 413 960 lecit.
427 884 512 948 adeo
530 891 567 948 vt
588 903 676 968 pene
695 881 787 948 solus
804 881 839 952 in
855 901 958 966 regno
980 881 1027 948 sic
1043 881 1165 948 vixerit
1184 891 1218 948 et
1235 853 1321 958 sicis

178 988 359 1052 decesserit
387 997 425 1052 vt
452 985 592 1071 gloriam
621 987 690 1052 eius
725 986 838 1052 inuida
870 985 985 1071 lingua
1013 985 1186 1070 denigrare
1215 1006 1282 1052 non

178 1093 313 1157 audeat.
359 1090 426 1157 Hic
448 1091 559 1168 etiam,
574 1090 617 1155 ab
639 1089 758 1156 illustri
781 1107 860 1173 rege
881 1088 1031 1156 Henrico
1051 1090 1197 1157 secundo
1219 1088 1281 1156 ire·

178 1203 321 1278 quenter
339 1201 486 1280 rogatus,
501 1193 656 1260 scaccarii
674 1193 847 1259 scientiam
867 1191 1059 1260 continuata
1078 1213 1139 1278 per
1158 1193 1282 1262 multos

179 1319 288 1364 annos
302 1297 422 1364 bellica
437 1305 637 1382 tempestate
651 1317 736 1382 pene
750 1316 885 1382 prorsus
904 1296 1064 1362 abolitam
1080 1295 1283 1377 reformauit,

180 1412 217 1467 et
246 1402 350 1466 totius
380 1401 610 1486 descriptionis
638 1400 708 1466 eius
740 1401 880 1466 formam
911 1399 1004 1466 velut
1032 1400 1116 1466 alter
1149 1401 1329 1478 Esdras,10

178 1505 381 1572 bibliothece
396 1503 532 1572 sedulus
550 1515 728 1591 reparator,
743 1505 925 1571 renouauit
971 1503 1121 1570 Credidit
1139 1525 1219 1570 sane
1233 1505 1284 1573 vir

179 1611 328 1694 prudens
352 1609 458 1676 satius
479 1629 552 1674 esse
574 1607 772 1674 constitutas
797 1608 840 1675 ab
862 1607 1007 1692 antiquis
1029 1606 1120 1692 leges
1142 1609 1283 1692 posteris

179 1713 386 1784 innotescere
414 1729 523 1797 quam·
541 1732 602 1778 sua
625 1711 851 1778 taciturnitate
879 1721 917 1776 vt
943 1731 1030 1777 noue
1053 1713 1283 1788 conderentur,

180 1815 321 1883 efficere.
366 1816 438 1882 Vix
458 1816 547 1883 enim
572 1815 776 1881 modernitas
798 1815 833 1880 in
854 1823 974 1900 questu
992 1817 1131 1901 pecunie
1151 1817 1281 1882 mitiora

181 1921 346 2006 prioribus
368 1920 439 1986 iura
465 1920 615 1986 dictauit.
657 1919 718 1986 Ab
743 1919 809 1985 hoc
838 1919 937 2004 igitur
958 1939 1058 2004 super
1082 1920 1147 1986 hoc
1168 1921 1280 1986 huius·
1299 1935 1328 1987 15

182 2025 275 2090 modi
291 2045 486 2110 responsum
496 2024 620 2108 accepi.
665 2023 809 2103 ‘Frater,
820 2024 877 2108 qui
888 2043 983 2089 aures
994 2024 1150 2090 audiendi
1162 2025 1283 2090 auidas

181 2129 285 2195 habet
297 2127 393 2194 facile
405 2128 601 2195 detractoris
614 2126 762 2212 linguam
778 2128 933 2194 inueniet.
975 2129 1129 2194 Etianris
1143 2129 1281 2214 quinon

180 2231 293 2314 habet,
319 2251 387 2296 non
417 2229 514 2296 facile
538 2232 679 2297 eandem
705 2230 850 2318 effugiet
912 2231 1065 2300 Accessit
1095 2234 1207 2317 itaque
1235 2233 1280 2300 ad

181 2355 295 2420 regern
311 2335 491 2401 Henricum
504 2333 647 2419 primum
662 2335 712 2400 vir
726 2335 848 2419 aliquis
858 2335 984 2402 habens
998 2337 1094 2404 sibila
1110 2337 1283 2422 serpentis,

182 2441 296 2505 dicens
319 2439 359 2516 ei,
383 2443 399 2474 “
412 2439 559 2506 Barones
584 2440 685 2506 vestri
707 2440 766 2523 qui
785 2440 829 2505 ad
852 2441 1053 2506 scaccarium
1079 2443 1224 2508 resident
1246 2451 1284 2508 vt
1298 2463 1330 2528 πρ

182 2543 263 2627 quid
294 2563 360 2626 que
389 2544 432 2608 de
461 2543 557 2610 terris
587 2563 702 2608 eorum
733 2554 927 2628 exsurgunt,
949 2565 1017 2610 non
1039 2545 1183 2625 soluunt,
1206 2565 1283 2612 cunr

181 2648 318 2731 quidam
336 2647 533 2713 constitutas
550 2647 697 2713 habeant
714 2649 758 2714 ad
775 2648 974 2715 scaccarium
994 2648 1204 2715 liberationes
1222 2669 1284 2733 pro

180 2752 329 2818 sessione
343 2757 429 2817 sua?
460 2749 608 2834 Quidam
623 2752 724 2816 etiarn
742 2772 803 2836 pro
818 2751 926 2818 officio
946 2771 1007 2819 suo
1022 2751 1140 2818 fundos
1155 2754 1283 2820 habent

182 2865 216 2920 et
231 2855 356 2920 lnrctus
367 2875 492 2920 eorum.
538 2855 629 2922 Hinc
644 2875 724 2940 ergo
739 2855 852 2939 grauis
867 2856 994 2922 iactura
1003 2855 1085 2923 fisco
1096 2854 1281 2942 prouenit.”

182 2959 269 3025 Cum
285 2959 385 3042 igitur
403 2958 458 3024 ille
476 2957 631 3043 principis
650 2957 913 3024 emolumenturn
934 2958 1081 3044 allegans
1096 2959 1283 3044 frequenter
1297 2978 1329 3048 ².⁵

181 3065 331 3145 instaret,
349 3073 496 3128 mentem
514 3063 586 3127 eius
606 3062 665 3128 vix
685 3064 823 3127 tandem
843 3063 982 3127 verbum
1005 3063 1093 3128 istud
1117 3085 1158 3129 eo
1179 3085 1284 3149 vsque

181 3167 332 3252 possedit
352 3175 389 3230 vt
407 3165 521 3231 omnia
539 3167 723 3231 constituta
741 3165 784 3230 ab
807 3165 962 3233 omnibus
984 3165 1068 3232 solui
1090 3169 1283 3253 preciperet,

182 3286 244 3330 nec
269 3265 395 3349 aliquid
422 3265 518 3331 alicui
542 3265 677 3341 dimitti,
702 3265 762 3329 nisi
785 3265 860 3348 quis
883 3285 982 3348 super
1004 3265 1068 3332 hoc
1090 3287 1283 3352 expressum

182 3369 254 3434 eius
276 3370 474 3454 optinuisset
504 3369 722 3447 mandatum3
759 3366 950 3454 laetumque
979 3379 1031 3435 est
1060 3372 1116 3438 ita.
1162 3371 1283 3438 Succe-
1298 3381 1326 3432 Η

181 3473 284 3538 dente
315 3493 394 3538 vero
423 3483 585 3557 tempore,
607 3493 684 3538 cunr
718 3473 946 3539 recordaretur
974 3473 1143 3560 princesz
1157 3475 1284 3542 consilii
1297 3491 1331 3544 30

182 3577 413 3662 Architophel,
442 3579 585 3661 penituit
616 3597 693 3643 eum
725 3577 941 3662 acquieuisse.
986 3577 1143 3644 Decreuit
1168 3589 1284 3645 antem

182 3681 336 3772 omnibus
351 3680 418 3747 illic
441 3681 700 3747 ministrantibus
723 3682 836 3746 omnia
857 3681 1006 3766 predicta
1027 3685 1221 3768 computari,
1239 3684 1285 3750 nil

180 3785 306 3850 ducens
323 3784 485 3850 iacturam
507 3785 627 3851 modici
645 3785 710 3850 eris
725 3792 876 3868 respectu
893 3785 1005 3868 magni
1025 3785 1169 3852 honoris.
1215 3789 1283 3854 De-

181 3887 321 3954 stinauit
335 3887 448 3971 itaque
462 3888 565 3954 breue
579 3907 677 3956 suum
691 3888 735 3954 ad
750 3887 951 3954 scaccarium
966 3897 1003 3954 vt
1020 3890 1203 3956 assidentes
1218 3892 1285 3960 illic

181 3991 226 4057 ab
241 3991 305 4055 hiis
319 3990 415 4057 liberi
430 4000 541 4058 essent
555 3991 624 4057 iure
638 3999 810 4077 perpetuo.
854 3989 913 4056 Ab
931 3990 995 4057 hoc
1012 3991 1112 4076 igitur
1128 3996 1222 4060 breui
1238 4017 1284 4061 ex
1298 4012 1330 4066 ³5

180 4105 262 4162 tunc
277 4105 311 4160 et
323 4096 425 4162 modo
437 4096 556 4162 dicitur
571 4097 588 4130 ‘⁶
600 4095 635 4162 in
649 4094 805 4178 perdonis
820 4115 880 4181 per
894 4094 997 4160 breue
1009 4094 1122 4182 regis.''
1161 4096 1285 4183 Sicque

218 4245 452 4320 3etiarn]eiusC
513 4246 723 4316 ecerebremC
779 4246 964 4317 6gratimR
1027 4259 1059 4316 17
1072 4248 1290 4307 detractoresN

184 4317 220 4389 is]
234 4318 327 4374 hisN
382 4333 418 4390 29
435 4318 495 4378 eius
506 4319 599 4376 mc
662 4331 698 4387 30
715 4317 794 4390 vero]
807 4317 941 4391 itaqueC
991 4333 1026 4390 34
1045 4319 1151 4394 itaque]
1165 4320 1289 4393 igiturC

229 4442 339 4475 samec.
728 4419 753 4474 Ο
