<?xml version="1.0" encoding="UTF-8"?>
<!DOCTYPE html PUBLIC "-//W3C//DTD XHTML 1.0 Transitional//EN"
    "http://www.w3.org/TR/xhtml1/DTD/xhtml1-transitional.dtd">
<html xmlns="http://www.w3.org/1999/xhtml" xml:lang="en" lang="en">
 <head>
  <title>
</title>
<meta http-equiv="Content-Type" content="text/html;charset=utf-8" />
  <meta name='ocr-system' content='tesseract 3.04.00' />
  <meta name='ocr-capabilities' content='ocr_page ocr_carea ocr_par ocr_line ocrx_word'/>
</head>
<body>
  <div class='ocr_page' id='page_1' title='image "./denecessariisob00fitzgoog_0127.png"; bbox 0 0 3228 4868; ppageno 0'>
   <div class='ocr_carea' id='block_1_1' title="bbox 336 283 1434 380">
    <p class='ocr_par' dir='ltr' id='par_1_1' title="bbox 336 283 1434 380">
     <span class='ocr_line' id='line_1_1' title="bbox 336 283 1434 380; baseline -0.006 -15"><span class='ocrx_word' id='word_1_1' title='bbox 336 315 399 372; x_wconf 74' lang='lat'><strong>112</strong></span> <span class='ocrx_word' id='word_1_2' title='bbox 702 293 770 361; x_wconf 87' lang='lat' dir='ltr'><strong>DE</strong></span> <span class='ocrx_word' id='word_1_3' title='bbox 793 289 1068 361; x_wconf 86' lang='lat' dir='ltr'>SCACCARIO</span> <span class='ocrx_word' id='word_1_4' title='bbox 1267 283 1313 380; x_wconf 92' lang='lat'><strong>[11</strong></span> <span class='ocrx_word' id='word_1_5' title='bbox 1328 301 1434 358; x_wconf 75' lang='lat' dir='ltr'><strong>unos.</strong></span> 
     </span>
    </p>
   </div>
   <div class='ocr_carea' id='block_1_2' title="bbox 293 460 1521 4082">
    <p class='ocr_par' dir='ltr' id='par_1_2' title="bbox 333 460 1436 755">
     <span class='ocr_line' id='line_1_2' title="bbox 334 460 1433 549; baseline -0.01 -13"><span class='ocrx_word' id='word_1_6' title='bbox 334 470 379 536; x_wconf 91' lang='lat' dir='ltr'><strong>ad</strong></span> <span class='ocrx_word' id='word_1_7' title='bbox 401 467 597 535; x_wconf 87' lang='lat' dir='ltr'><strong>doctrinam.</strong></span> <span class='ocrx_word' id='word_1_8' title='bbox 636 465 715 530; x_wconf 93' lang='lat' dir='ltr'><strong>Hiis</strong></span> <span class='ocrx_word' id='word_1_9' title='bbox 744 464 843 549; x_wconf 85' lang='lat' dir='ltr'><strong>igitur</strong></span> <span class='ocrx_word' id='word_1_10' title='bbox 867 462 1010 546; x_wconf 87' lang='lat' dir='ltr'><strong>negotiis</strong></span> <span class='ocrx_word' id='word_1_11' title='bbox 1035 461 1069 527; x_wconf 91' lang='lat' dir='ltr'><strong>in</strong></span> <span class='ocrx_word' id='word_1_12' title='bbox 1091 481 1158 545; x_wconf 89' lang='lat' dir='ltr'><strong>que</strong></span> <span class='ocrx_word' id='word_1_13' title='bbox 1180 479 1243 526; x_wconf 87' lang='lat' dir='ltr'><strong>nos</strong></span> <span class='ocrx_word' id='word_1_14' title='bbox 1263 460 1433 546; x_wconf 80' lang='lat' dir='ltr'><strong>impegisti</strong></span> 
     </span>
     <span class='ocr_line' id='line_1_3' title="bbox 333 565 1436 656; baseline -0.002 -18"><span class='ocrx_word' id='word_1_15' title='bbox 333 572 502 656; x_wconf 85' lang='lat' dir='ltr'><strong>paulisper</strong></span> <span class='ocrx_word' id='word_1_16' title='bbox 531 569 685 648; x_wconf 82' lang='lat' dir='ltr'><strong>attende3</strong></span> <span class='ocrx_word' id='word_1_17' title='bbox 716 589 783 634; x_wconf 91' lang='lat' dir='ltr'><strong>non</strong></span> <span class='ocrx_word' id='word_1_18' title='bbox 813 577 851 636; x_wconf 87' lang='lat' dir='ltr'><strong>vt</strong></span> <span class='ocrx_word' id='word_1_19' title='bbox 877 588 923 636; x_wconf 84' lang='lat' dir='ltr'><strong>cx</strong></span> <span class='ocrx_word' id='word_1_20' title='bbox 951 565 999 636; x_wconf 81' lang='lat' dir='ltr'><strong>eis</strong></span> <span class='ocrx_word' id='word_1_21' title='bbox 1030 565 1144 652; x_wconf 86' lang='lat' dir='ltr'><strong>magni</strong></span> <span class='ocrx_word' id='word_1_22' title='bbox 1176 565 1299 636; x_wconf 79' lang='lat' dir='ltr'><strong>laberis</strong></span> <span class='ocrx_word' id='word_1_23' title='bbox 1328 574 1436 636; x_wconf 75' lang='lat' dir='ltr'><strong>metas</strong></span> 
     </span>
     <span class='ocr_line' id='line_1_4' title="bbox 334 671 892 755; baseline -0.013 -13"><span class='ocrx_word' id='word_1_24' title='bbox 334 675 469 755; x_wconf 85' lang='lat' dir='ltr'><strong>fructus,</strong></span> <span class='ocrx_word' id='word_1_25' title='bbox 484 683 536 740; x_wconf 91' lang='lat' dir='ltr'><strong>set</strong></span> <span class='ocrx_word' id='word_1_26' title='bbox 549 683 681 742; x_wconf 90' lang='lat' dir='ltr'><strong>tantum</strong></span> <span class='ocrx_word' id='word_1_27' title='bbox 700 691 742 738; x_wconf 91' lang='lat' dir='ltr'><strong>ne</strong></span> <span class='ocrx_word' id='word_1_28' title='bbox 755 671 892 738; x_wconf 87' lang='lat' dir='ltr'><strong>otiosus.</strong></span> 
     </span>
    </p>

    <p class='ocr_par' dir='ltr' id='par_1_3' title="bbox 377 771 1436 862">
     <span class='ocr_line' id='line_1_5' title="bbox 377 771 1436 862; baseline -0.007 -17"><span class='ocrx_word' id='word_1_29' title='bbox 377 778 574 862; x_wconf 54' lang='lat' dir='ltr'><strong>Disceptulus.</strong></span> <span class='ocrx_word' id='word_1_30' title='bbox 616 776 745 842; x_wconf 86' lang='lat' dir='ltr'>Vereor</span> <span class='ocrx_word' id='word_1_31' title='bbox 759 794 801 840; x_wconf 88' lang='lat' dir='ltr'><strong>ne</strong></span> <span class='ocrx_word' id='word_1_32' title='bbox 816 774 970 840; x_wconf 84' lang='lat' dir='ltr'><strong>instantis</strong></span> <span class='ocrx_word' id='word_1_33' title='bbox 987 773 1096 840; x_wconf 90' lang='lat' dir='ltr'><strong>noetis</strong></span> <span class='ocrx_word' id='word_1_34' title='bbox 1110 771 1341 859; x_wconf 88' lang='lat' dir='ltr'><strong>crepusculum</strong></span> <span class='ocrx_word' id='word_1_35' title='bbox 1360 791 1436 858; x_wconf 86' lang='lat' dir='ltr'><strong>pre·</strong></span> 
     </span>
    </p>

    <p class='ocr_par' dir='ltr' id='par_1_4' title="bbox 306 877 1435 1067">
     <span class='ocr_line' id='line_1_6' title="bbox 306 877 1435 969; baseline -0.008 -19"><span class='ocrx_word' id='word_1_36' title='bbox 306 909 321 966; x_wconf 78' lang='lat'><strong>5</strong></span> <span class='ocrx_word' id='word_1_37' title='bbox 335 883 468 969; x_wconf 90' lang='lat' dir='ltr'><strong>cipitem</strong></span> <span class='ocrx_word' id='word_1_38' title='bbox 480 883 621 966; x_wconf 88' lang='lat' dir='ltr'><strong>inponat</strong></span> <span class='ocrx_word' id='word_1_39' title='bbox 632 879 734 945; x_wconf 88' lang='lat' dir='ltr'><strong>finem</strong></span> <span class='ocrx_word' id='word_1_40' title='bbox 745 879 935 962; x_wconf 71' lang='lat' dir='ltr'><strong>negotiis5et</strong></span> <span class='ocrx_word' id='word_1_41' title='bbox 944 877 1075 945; x_wconf 89' lang='lat' dir='ltr'><strong>omissis</strong></span> <span class='ocrx_word' id='word_1_42' title='bbox 1086 877 1235 962; x_wconf 87' lang='lat' dir='ltr'><strong>pluribus</strong></span> <span class='ocrx_word' id='word_1_43' title='bbox 1245 877 1435 944; x_wconf 88' lang='lat' dir='ltr'><strong>necessariis</strong></span> 
     </span>
     <span class='ocr_line' id='line_1_7' title="bbox 335 983 1132 1067; baseline -0.009 -13"><span class='ocrx_word' id='word_1_44' title='bbox 335 985 507 1066; x_wconf 85' lang='lat' dir='ltr'><strong>acceleres,</strong></span> <span class='ocrx_word' id='word_1_45' title='bbox 520 994 558 1053; x_wconf 86' lang='lat' dir='ltr'><strong>vt</strong></span> <span class='ocrx_word' id='word_1_46' title='bbox 573 1005 684 1051; x_wconf 88' lang='lat' dir='ltr'><strong>careas</strong></span> <span class='ocrx_word' id='word_1_47' title='bbox 699 983 940 1067; x_wconf 84' lang='lat' dir='ltr'><strong>inportunitate</strong></span> <span class='ocrx_word' id='word_1_48' title='bbox 954 983 1132 1066; x_wconf 88' lang='lat' dir='ltr'><strong>querentis.</strong></span> 
     </span>
    </p>

    <p class='ocr_par' dir='ltr' id='par_1_5' title="bbox 336 1084 1437 1378">
     <span class='ocr_line' id='line_1_8' title="bbox 377 1084 1437 1174; baseline -0.008 -18"><span class='ocrx_word' id='word_1_49' title='bbox 377 1089 552 1174; x_wconf 74' lang='lat' dir='ltr'><strong>Magister.</strong></span> <span class='ocrx_word' id='word_1_50' title='bbox 600 1088 707 1154; x_wconf 90' lang='lat' dir='ltr'><strong>Immo</strong></span> <span class='ocrx_word' id='word_1_51' title='bbox 736 1106 800 1170; x_wconf 89' lang='lat' dir='ltr'><strong>ego</strong></span> <span class='ocrx_word' id='word_1_52' title='bbox 830 1085 936 1170; x_wconf 88' lang='lat' dir='ltr'><strong>magis</strong></span> <span class='ocrx_word' id='word_1_53' title='bbox 963 1084 1086 1152; x_wconf 87' lang='lat' dir='ltr'><strong>veritus</strong></span> <span class='ocrx_word' id='word_1_54' title='bbox 1111 1105 1194 1162; x_wconf 88' lang='lat' dir='ltr'><strong>sum,</strong></span> <span class='ocrx_word' id='word_1_55' title='bbox 1224 1103 1266 1151; x_wconf 90' lang='lat' dir='ltr'><strong>ne</strong></span> <span class='ocrx_word' id='word_1_56' title='bbox 1295 1091 1329 1149; x_wconf 89' lang='lat' dir='ltr'><strong>te</strong></span> <span class='ocrx_word' id='word_1_57' title='bbox 1358 1089 1437 1167; x_wconf 89' lang='lat' dir='ltr'><strong>post</strong></span> 
     </span>
     <span class='ocr_line' id='line_1_9' title="bbox 336 1189 1436 1278; baseline -0.005 -18"><span class='ocrx_word' id='word_1_58' title='bbox 336 1193 438 1278; x_wconf 84' lang='lat' dir='ltr'><strong>longa</strong></span> <span class='ocrx_word' id='word_1_59' title='bbox 474 1190 614 1272; x_wconf 87' lang='lat' dir='ltr'><strong>silentia,</strong></span> <span class='ocrx_word' id='word_1_60' title='bbox 639 1199 776 1276; x_wconf 90' lang='lat' dir='ltr'><strong>propter</strong></span> <span class='ocrx_word' id='word_1_61' title='bbox 804 1199 969 1275; x_wconf 84' lang='lat' dir='ltr'><strong>agrestem</strong></span> <span class='ocrx_word' id='word_1_62' title='bbox 998 1189 1121 1269; x_wconf 88' lang='lat' dir='ltr'><strong>stilum,</strong></span> <span class='ocrx_word' id='word_1_63' title='bbox 1149 1189 1208 1255; x_wconf 92' lang='lat' dir='ltr'><strong>din</strong></span> <span class='ocrx_word' id='word_1_64' title='bbox 1239 1205 1436 1272; x_wconf 89' lang='lat' dir='ltr'><strong>suppressus</strong></span> 
     </span>
     <span class='ocr_line' id='line_1_10' title="bbox 336 1293 1437 1378; baseline -0.005 -15"><span class='ocrx_word' id='word_1_65' title='bbox 336 1297 516 1363; x_wconf 84' lang='lat' dir='ltr'><strong>cachinnus</strong></span> <span class='ocrx_word' id='word_1_66' title='bbox 536 1304 731 1376; x_wconf 88' lang='lat' dir='ltr'><strong>succuteret,</strong></span> <span class='ocrx_word' id='word_1_67' title='bbox 744 1293 798 1360; x_wconf 91' lang='lat' dir='ltr'><strong>vel</strong></span> <span class='ocrx_word' id='word_1_68' title='bbox 819 1295 904 1360; x_wconf 80' lang='lat' dir='ltr'><strong>sorte</strong></span> <span class='ocrx_word' id='word_1_69' title='bbox 923 1294 1045 1360; x_wconf 88' lang='lat' dir='ltr'><strong>tacitus</strong></span> <span class='ocrx_word' id='word_1_70' title='bbox 1066 1305 1178 1360; x_wconf 90' lang='lat' dir='ltr'><strong>tecum</strong></span> <span class='ocrx_word' id='word_1_71' title='bbox 1201 1301 1437 1378; x_wconf 88' lang='lat' dir='ltr'><strong>pertractasses</strong></span> 
     </span>
    </p>

    <p class='ocr_par' dir='ltr' id='par_1_6' title="bbox 293 1396 1437 1900">
     <span class='ocr_line' id='line_1_11' title="bbox 293 1396 1437 1486; baseline -0.008 -17"><span class='ocrx_word' id='word_1_72' title='bbox 293 1427 325 1470; x_wconf 83' lang='grc' dir='ltr'><strong>ιο</strong></span> <span class='ocrx_word' id='word_1_73' title='bbox 336 1400 478 1486; x_wconf 88' lang='lat' dir='ltr'><strong>qualiter</strong></span> <span class='ocrx_word' id='word_1_74' title='bbox 497 1400 568 1466; x_wconf 90' lang='lat' dir='ltr'><strong>sine</strong></span> <span class='ocrx_word' id='word_1_75' title='bbox 589 1409 704 1465; x_wconf 86' lang='lat' dir='ltr'><strong>nostra</strong></span> <span class='ocrx_word' id='word_1_76' title='bbox 727 1397 878 1466; x_wconf 89' lang='lat' dir='ltr'><strong>molestia</strong></span> <span class='ocrx_word' id='word_1_77' title='bbox 899 1398 945 1465; x_wconf 90' lang='lat' dir='ltr'><strong>ab</strong></span> <span class='ocrx_word' id='word_1_78' title='bbox 965 1398 1029 1464; x_wconf 87' lang='lat' dir='ltr'><strong>hiis</strong></span> <span class='ocrx_word' id='word_1_79' title='bbox 1050 1396 1150 1464; x_wconf 92' lang='lat' dir='ltr'><strong>auelli</strong></span> <span class='ocrx_word' id='word_1_80' title='bbox 1171 1415 1286 1483; x_wconf 89' lang='lat' dir='ltr'><strong>posses</strong></span> <span class='ocrx_word' id='word_1_81' title='bbox 1306 1397 1350 1461; x_wconf 92' lang='lat' dir='ltr'><strong>ad</strong></span> <span class='ocrx_word' id='word_1_82' title='bbox 1370 1413 1437 1478; x_wconf 90' lang='lat' dir='ltr'><strong>que</strong></span> 
     </span>
     <span class='ocr_line' id='line_1_12' title="bbox 337 1499 1436 1590; baseline -0.007 -20"><span class='ocrx_word' id='word_1_83' title='bbox 337 1525 398 1571; x_wconf 91' lang='lat' dir='ltr'><strong>nos</strong></span> <span class='ocrx_word' id='word_1_84' title='bbox 427 1504 576 1590; x_wconf 85' lang='lat' dir='ltr'><strong>coegisti.</strong></span> <span class='ocrx_word' id='word_1_85' title='bbox 633 1502 690 1568; x_wconf 93' lang='lat' dir='ltr'><strong>Ob</strong></span> <span class='ocrx_word' id='word_1_86' title='bbox 718 1503 783 1568; x_wconf 93' lang='lat' dir='ltr'><strong>hoc</strong></span> <span class='ocrx_word' id='word_1_87' title='bbox 814 1503 920 1568; x_wconf 84' lang='lat' dir='ltr'><strong>fateor</strong></span> <span class='ocrx_word' id='word_1_88' title='bbox 949 1523 1004 1568; x_wconf 88' lang='lat' dir='ltr'><strong>me</strong></span> <span class='ocrx_word' id='word_1_89' title='bbox 1033 1499 1132 1567; x_wconf 90' lang='lat' dir='ltr'><strong>finem</strong></span> <span class='ocrx_word' id='word_1_90' title='bbox 1166 1499 1436 1583; x_wconf 86' lang='lat' dir='ltr'><strong>intempestiuum</strong></span> 
     </span>
     <span class='ocr_line' id='line_1_13' title="bbox 337 1603 1437 1694; baseline -0.007 -21"><span class='ocrx_word' id='word_1_91' title='bbox 337 1629 424 1692; x_wconf 90' lang='lat' dir='ltr'><strong>pene</strong></span> <span class='ocrx_word' id='word_1_92' title='bbox 451 1609 601 1694; x_wconf 87' lang='lat' dir='ltr'><strong>posuisse</strong></span> <span class='ocrx_word' id='word_1_93' title='bbox 628 1607 785 1674; x_wconf 85' lang='lat' dir='ltr'><strong>dicendis</strong></span> <span class='ocrx_word' id='word_1_94' title='bbox 840 1605 901 1672; x_wconf 90' lang='lat' dir='ltr'><strong>Set</strong></span> <span class='ocrx_word' id='word_1_95' title='bbox 929 1617 1044 1672; x_wconf 88' lang='lat' dir='ltr'><strong>tamen</strong></span> <span class='ocrx_word' id='word_1_96' title='bbox 1073 1624 1149 1670; x_wconf 91' lang='lat' dir='ltr'><strong>cum</strong></span> <span class='ocrx_word' id='word_1_97' title='bbox 1179 1603 1297 1671; x_wconf 89' lang='lat' dir='ltr'><strong>docilis</strong></span> <span class='ocrx_word' id='word_1_98' title='bbox 1326 1603 1380 1683; x_wconf 92' lang='lat' dir='ltr'><strong>sis,</strong></span> <span class='ocrx_word' id='word_1_99' title='bbox 1403 1611 1437 1666; x_wconf 89' lang='lat' dir='ltr'><strong>et</strong></span> 
     </span>
     <span class='ocr_line' id='line_1_14' title="bbox 338 1707 1437 1796; baseline -0.008 -18"><span class='ocrx_word' id='word_1_100' title='bbox 338 1713 373 1778; x_wconf 90' lang='lat' dir='ltr'><strong>in</strong></span> <span class='ocrx_word' id='word_1_101' title='bbox 401 1721 436 1778; x_wconf 93' lang='lat' dir='ltr'><strong>te</strong></span> <span class='ocrx_word' id='word_1_102' title='bbox 465 1712 611 1777; x_wconf 88' lang='lat' dir='ltr'><strong>nondum</strong></span> <span class='ocrx_word' id='word_1_103' title='bbox 642 1709 788 1796; x_wconf 90' lang='lat' dir='ltr'><strong>tepuerit</strong></span> <span class='ocrx_word' id='word_1_104' title='bbox 816 1709 1009 1776; x_wconf 84' lang='lat' dir='ltr'><strong>attentionis</strong></span> <span class='ocrx_word' id='word_1_105' title='bbox 1039 1708 1201 1775; x_wconf 89' lang='lat' dir='ltr'><strong>industria</strong></span> <span class='ocrx_word' id='word_1_106' title='bbox 1229 1716 1329 1791; x_wconf 90' lang='lat' dir='ltr'><strong>cepto</strong></span> <span class='ocrx_word' id='word_1_107' title='bbox 1351 1707 1437 1772; x_wconf 81' lang='lat' dir='ltr'><strong>ferar</strong></span> 
     </span>
     <span class='ocr_line' id='line_1_15' title="bbox 338 1809 1437 1900; baseline -0.006 -18"><span class='ocrx_word' id='word_1_108' title='bbox 338 1817 464 1882; x_wconf 89' lang='lat' dir='ltr'><strong>itinere.</strong></span> <span class='ocrx_word' id='word_1_109' title='bbox 509 1815 557 1882; x_wconf 92' lang='lat' dir='ltr'><strong>Vt</strong></span> <span class='ocrx_word' id='word_1_110' title='bbox 586 1815 686 1900; x_wconf 87' lang='lat' dir='ltr'><strong>igitur</strong></span> <span class='ocrx_word' id='word_1_111' title='bbox 715 1813 878 1898; x_wconf 89' lang='lat' dir='ltr'><strong>disposite</strong></span> <span class='ocrx_word' id='word_1_112' title='bbox 908 1813 1045 1879; x_wconf 90' lang='lat' dir='ltr'><strong>rationis</strong></span> <span class='ocrx_word' id='word_1_113' title='bbox 1076 1813 1184 1880; x_wconf 91' lang='lat' dir='ltr'><strong>ordini</strong></span> <span class='ocrx_word' id='word_1_114' title='bbox 1214 1809 1364 1890; x_wconf 86' lang='lat' dir='ltr'><strong>satisfiat,</strong></span> <span class='ocrx_word' id='word_1_115' title='bbox 1394 1810 1437 1875; x_wconf 90' lang='lat' dir='ltr'><strong>de</strong></span> 
     </span>
    </p>

    <p class='ocr_par' dir='ltr' id='par_1_7' title="bbox 295 1915 1440 2214">
     <span class='ocr_line' id='line_1_16' title="bbox 295 1915 1439 2003; baseline -0.004 -19"><span class='ocrx_word' id='word_1_116' title='bbox 295 1919 649 1997; x_wconf 69' lang='lat' dir='ltr'><strong>ussummonitionibns</strong></span> <span class='ocrx_word' id='word_1_117' title='bbox 678 1919 787 2003; x_wconf 92' lang='lat' dir='ltr'><strong>primo</strong></span> <span class='ocrx_word' id='word_1_118' title='bbox 819 1917 894 1984; x_wconf 89' lang='lat' dir='ltr'><strong>loeo</strong></span> <span class='ocrx_word' id='word_1_119' title='bbox 931 1916 1108 1983; x_wconf 89' lang='lat' dir='ltr'><strong>dicendum</strong></span> <span class='ocrx_word' id='word_1_120' title='bbox 1147 1924 1206 1994; x_wconf 87' lang='lat' dir='ltr'><strong>est,</strong></span> <span class='ocrx_word' id='word_1_121' title='bbox 1236 1936 1281 1980; x_wconf 90' lang='lat' dir='ltr'><strong>ex</strong></span> <span class='ocrx_word' id='word_1_122' title='bbox 1317 1915 1439 1998; x_wconf 89' lang='lat' dir='ltr'><strong>quibus</strong></span> 
     </span>
     <span class='ocr_line' id='line_1_17' title="bbox 339 2017 1440 2107; baseline -0.008 -17"><span class='ocrx_word' id='word_1_123' title='bbox 339 2024 473 2102; x_wconf 87' lang='lat' dir='ltr'><strong>scilicet,</strong></span> <span class='ocrx_word' id='word_1_124' title='bbox 488 2032 522 2088; x_wconf 91' lang='lat' dir='ltr'><strong>et</strong></span> <span class='ocrx_word' id='word_1_125' title='bbox 543 2023 691 2107; x_wconf 87' lang='lat' dir='ltr'><strong>qualiter,</strong></span> <span class='ocrx_word' id='word_1_126' title='bbox 708 2031 743 2088; x_wconf 91' lang='lat' dir='ltr'><strong>et</strong></span> <span class='ocrx_word' id='word_1_127' title='bbox 762 2022 804 2088; x_wconf 91' lang='lat' dir='ltr'><strong>ad</strong></span> <span class='ocrx_word' id='word_1_128' title='bbox 825 2022 905 2105; x_wconf 89' lang='lat' dir='ltr'><strong>quid</strong></span> <span class='ocrx_word' id='word_1_129' title='bbox 928 2019 1029 2098; x_wconf 89' lang='lat' dir='ltr'><strong>fiant;</strong></span> <span class='ocrx_word' id='word_1_130' title='bbox 1052 2031 1153 2105; x_wconf 87' lang='lat' dir='ltr'><strong>atque</strong></span> <span class='ocrx_word' id='word_1_131' title='bbox 1173 2029 1210 2085; x_wconf 95' lang='lat' dir='ltr'><strong>vt</strong></span> <span class='ocrx_word' id='word_1_132' title='bbox 1229 2021 1272 2085; x_wconf 92' lang='lat' dir='ltr'><strong>de</strong></span> <span class='ocrx_word' id='word_1_133' title='bbox 1291 2017 1355 2082; x_wconf 86' lang='lat' dir='ltr'><strong>hiis</strong></span> <span class='ocrx_word' id='word_1_134' title='bbox 1376 2017 1440 2082; x_wconf 93' lang='lat' dir='ltr'><strong>tibi</strong></span> 
     </span>
     <span class='ocr_line' id='line_1_18' title="bbox 340 2123 1439 2214; baseline -0.005 -22"><span class='ocrx_word' id='word_1_135' title='bbox 340 2128 470 2214; x_wconf 89' lang='lat' dir='ltr'><strong>plenius</strong></span> <span class='ocrx_word' id='word_1_136' title='bbox 495 2137 636 2208; x_wconf 87' lang='lat' dir='ltr'><strong>constet,</strong></span> <span class='ocrx_word' id='word_1_137' title='bbox 657 2127 701 2193; x_wconf 89' lang='lat' dir='ltr'><strong>sit</strong></span> <span class='ocrx_word' id='word_1_138' title='bbox 721 2127 822 2194; x_wconf 89' lang='lat' dir='ltr'><strong>trium</strong></span> <span class='ocrx_word' id='word_1_139' title='bbox 845 2127 1193 2210; x_wconf 83' lang='lat' dir='ltr'><strong>premonstrandorum</strong></span> <span class='ocrx_word' id='word_1_140' title='bbox 1217 2124 1325 2208; x_wconf 92' lang='lat' dir='ltr'><strong>primo</strong></span> <span class='ocrx_word' id='word_1_141' title='bbox 1347 2123 1439 2208; x_wconf 89' lang='lat' dir='ltr'><strong>prius</strong></span> 
     </span>
    </p>

    <p class='ocr_par' dir='ltr' id='par_1_8' title="bbox 316 2229 1318 2360">
     <span class='ocr_line' id='line_1_19' title="bbox 316 2229 1318 2360; baseline -0.004 -63"><span class='ocrx_word' id='word_1_142' title='bbox 316 2233 504 2360; x_wconf 44' lang='lat' dir='ltr'><strong>{ultimum</strong></span> <span class='ocrx_word' id='word_1_143' title='bbox 519 2231 583 2298; x_wconf 88' lang='lat' dir='ltr'><strong>hoc</strong></span> <span class='ocrx_word' id='word_1_144' title='bbox 598 2238 648 2296; x_wconf 85' lang='lat' dir='ltr'><strong>est</strong></span> <span class='ocrx_word' id='word_1_145' title='bbox 663 2231 708 2297; x_wconf 92' lang='lat' dir='ltr'><strong>ad</strong></span> <span class='ocrx_word' id='word_1_146' title='bbox 722 2231 803 2315; x_wconf 91' lang='lat' dir='ltr'><strong>quid</strong></span> <span class='ocrx_word' id='word_1_147' title='bbox 819 2229 910 2295; x_wconf 88' lang='lat' dir='ltr'><strong>fiant.</strong></span> <span class='ocrx_word' id='word_1_148' title='bbox 1314 2229 1318 2237; x_wconf 84' lang='grc'><em>“</em></span> 
     </span>
    </p>

    <p class='ocr_par' dir='ltr' id='par_1_9' title="bbox 302 2331 1250 2430">
     <span class='ocr_line' id='line_1_20' title="bbox 302 2331 1250 2430; baseline -0.004 -30"><span class='ocrx_word' id='word_1_149' title='bbox 302 2381 328 2430; x_wconf 76' lang='lat' dir='ltr'>A</span> <span class='ocrx_word' id='word_1_150' title='bbox 384 2335 484 2400; x_wconf 91' lang='lat' dir='ltr'><strong>Fiunt</strong></span> <span class='ocrx_word' id='word_1_151' title='bbox 499 2343 611 2400; x_wconf 89' lang='lat' dir='ltr'><strong>autem</strong></span> <span class='ocrx_word' id='word_1_152' title='bbox 626 2336 902 2400; x_wconf 89' lang='lat' dir='ltr'><strong>summonitiones</strong></span> <span class='ocrx_word' id='word_1_153' title='bbox 915 2342 951 2400; x_wconf 90' lang='lat' dir='ltr'><strong>vt</strong></span> <span class='ocrx_word' id='word_1_154' title='bbox 967 2332 1166 2399; x_wconf 88' lang='lat' dir='ltr'><strong>scaccarium</strong></span> <span class='ocrx_word' id='word_1_155' title='bbox 1181 2331 1250 2400; x_wconf 89' lang='lat' dir='ltr'><strong>fiat.</strong></span> 
     </span>
    </p>

    <p class='ocr_par' dir='ltr' id='par_1_10' title="bbox 297 2435 1442 2938">
     <span class='ocr_line' id='line_1_21' title="bbox 297 2435 1441 2522; baseline -0.002 -20"><span class='ocrx_word' id='word_1_156' title='bbox 297 2460 329 2502; x_wconf 75' lang='lat'><strong>20</strong></span> <span class='ocrx_word' id='word_1_157' title='bbox 386 2439 587 2504; x_wconf 88' lang='lat' dir='ltr'><strong>Precedente</strong></span> <span class='ocrx_word' id='word_1_158' title='bbox 595 2459 739 2522; x_wconf 89' lang='lat' dir='ltr'><strong>namque</strong></span> <span class='ocrx_word' id='word_1_159' title='bbox 747 2438 839 2504; x_wconf 90' lang='lat' dir='ltr'><strong>breui</strong></span> <span class='ocrx_word' id='word_1_160' title='bbox 848 2438 1219 2520; x_wconf 87' lang='lat' dir='ltr'><strong>summonitionis‚quod</strong></span> <span class='ocrx_word' id='word_1_161' title='bbox 1229 2435 1318 2518; x_wconf 87' lang='lat' dir='ltr'><strong>regie</strong></span> <span class='ocrx_word' id='word_1_162' title='bbox 1328 2445 1441 2500; x_wconf 90' lang='lat' dir='ltr'><strong>aucto·</strong></span> 
     </span>
     <span class='ocr_line' id='line_1_22' title="bbox 343 2539 1440 2628; baseline -0.004 -21"><span class='ocrx_word' id='word_1_163' title='bbox 343 2543 449 2608; x_wconf 88' lang='lat' dir='ltr'><strong>ritatis</strong></span> <span class='ocrx_word' id='word_1_164' title='bbox 470 2543 618 2627; x_wconf 87' lang='lat' dir='ltr'><strong>signatur</strong></span> <span class='ocrx_word' id='word_1_165' title='bbox 630 2543 781 2628; x_wconf 85' lang='lat' dir='ltr'><strong>imagine,</strong></span> <span class='ocrx_word' id='word_1_166' title='bbox 801 2551 1025 2606; x_wconf 84' lang='lat' dir='ltr'><strong>conuocantur</strong></span> <span class='ocrx_word' id='word_1_167' title='bbox 1038 2543 1083 2606; x_wconf 92' lang='lat' dir='ltr'><strong>ad</strong></span> <span class='ocrx_word' id='word_1_168' title='bbox 1104 2541 1215 2605; x_wconf 92' lang='lat' dir='ltr'><strong>locum</strong></span> <span class='ocrx_word' id='word_1_169' title='bbox 1231 2539 1440 2604; x_wconf 89' lang='lat' dir='ltr'><strong>nominatum</strong></span> 
     </span>
     <span class='ocr_line' id='line_1_23' title="bbox 342 2643 1442 2730; baseline -0.006 -18"><span class='ocrx_word' id='word_1_170' title='bbox 342 2647 399 2730; x_wconf 92' lang='lat' dir='ltr'><strong>qui</strong></span> <span class='ocrx_word' id='word_1_171' title='bbox 415 2647 586 2712; x_wconf 88' lang='lat' dir='ltr'><strong>necessarii</strong></span> <span class='ocrx_word' id='word_1_172' title='bbox 600 2656 687 2712; x_wconf 89' lang='lat' dir='ltr'><strong>sunt.</strong></span> <span class='ocrx_word' id='word_1_173' title='bbox 732 2647 806 2712; x_wconf 88' lang='lat' dir='ltr'><strong>Nec</strong></span> <span class='ocrx_word' id='word_1_174' title='bbox 821 2647 909 2712; x_wconf 88' lang='lat' dir='ltr'><strong>enim</strong></span> <span class='ocrx_word' id='word_1_175' title='bbox 925 2665 1058 2711; x_wconf 88' lang='lat' dir='ltr'><strong>necesse</strong></span> <span class='ocrx_word' id='word_1_176' title='bbox 1070 2643 1195 2709; x_wconf 88' lang='lat' dir='ltr'><strong>habent</strong></span> <span class='ocrx_word' id='word_1_177' title='bbox 1206 2643 1362 2708; x_wconf 88' lang='lat' dir='ltr'><strong>accedere</strong></span> <span class='ocrx_word' id='word_1_178' title='bbox 1377 2643 1442 2706; x_wconf 89' lang='lat' dir='ltr'><strong>nisi</strong></span> 
     </span>
     <span class='ocr_line' id='line_1_24' title="bbox 342 2747 1442 2835; baseline -0.005 -20"><span class='ocrx_word' id='word_1_179' title='bbox 342 2749 598 2815; x_wconf 88' lang='lat' dir='ltr'><strong>summonitione</strong></span> <span class='ocrx_word' id='word_1_180' title='bbox 607 2750 776 2835; x_wconf 87' lang='lat' dir='ltr'><strong>premissa.</strong></span> <span class='ocrx_word' id='word_1_181' title='bbox 806 2749 980 2816; x_wconf 90' lang='lat' dir='ltr'><strong>Accedunt</strong></span> <span class='ocrx_word' id='word_1_182' title='bbox 990 2757 1101 2814; x_wconf 90' lang='lat' dir='ltr'><strong>autem</strong></span> <span class='ocrx_word' id='word_1_183' title='bbox 1112 2747 1442 2832; x_wconf 89' lang='lat' dir='ltr'><strong>quidamvtsedeant</strong></span> 
     </span>
     <span class='ocr_line' id='line_1_25' title="bbox 342 2849 1441 2938; baseline -0.005 -18"><span class='ocrx_word' id='word_1_184' title='bbox 342 2863 378 2920; x_wconf 91' lang='lat' dir='ltr'><strong>et</strong></span> <span class='ocrx_word' id='word_1_185' title='bbox 404 2855 560 2928; x_wconf 88' lang='lat' dir='ltr'><strong>iudicent,</strong></span> <span class='ocrx_word' id='word_1_186' title='bbox 585 2854 722 2938; x_wconf 86' lang='lat' dir='ltr'><strong>qnidam</strong></span> <span class='ocrx_word' id='word_1_187' title='bbox 747 2862 785 2920; x_wconf 88' lang='lat' dir='ltr'><strong>vt</strong></span> <span class='ocrx_word' id='word_1_188' title='bbox 809 2852 942 2919; x_wconf 91' lang='lat' dir='ltr'><strong>soluant</strong></span> <span class='ocrx_word' id='word_1_189' title='bbox 963 2863 997 2918; x_wconf 90' lang='lat' dir='ltr'><strong>et</strong></span> <span class='ocrx_word' id='word_1_190' title='bbox 1020 2852 1214 2918; x_wconf 89' lang='lat' dir='ltr'><strong>iudicentur.</strong></span> <span class='ocrx_word' id='word_1_191' title='bbox 1259 2849 1386 2916; x_wconf 89' lang='lat' dir='ltr'><strong>Sedent</strong></span> <span class='ocrx_word' id='word_1_192' title='bbox 1405 2859 1441 2914; x_wconf 90' lang='lat' dir='ltr'><strong>et</strong></span> 
     </span>
    </p>

    <p class='ocr_par' dir='ltr' id='par_1_11' title="bbox 299 2956 1521 3457">
     <span class='ocr_line' id='line_1_26' title="bbox 299 2956 1443 3041; baseline -0.007 -15"><span class='ocrx_word' id='word_1_193' title='bbox 299 2975 329 3028; x_wconf 79' lang='lat'><strong>²5</strong></span> <span class='ocrx_word' id='word_1_194' title='bbox 343 2958 497 3036; x_wconf 86' lang='lat' dir='ltr'><strong>indicant,</strong></span> <span class='ocrx_word' id='word_1_195' title='bbox 509 2979 553 3022; x_wconf 85' lang='lat' dir='ltr'><strong>ex</strong></span> <span class='ocrx_word' id='word_1_196' title='bbox 565 2958 673 3023; x_wconf 88' lang='lat' dir='ltr'><strong>officio</strong></span> <span class='ocrx_word' id='word_1_197' title='bbox 683 2957 735 3024; x_wconf 90' lang='lat' dir='ltr'><strong>vel</strong></span> <span class='ocrx_word' id='word_1_198' title='bbox 744 2957 953 3041; x_wconf 85' lang='lat' dir='ltr'><strong>exprincipis</strong></span> <span class='ocrx_word' id='word_1_199' title='bbox 969 2957 1138 3031; x_wconf 89' lang='lat' dir='ltr'><strong>mandato,</strong></span> <span class='ocrx_word' id='word_1_200' title='bbox 1147 2956 1287 3020; x_wconf 89' lang='lat' dir='ltr'><strong>barones</strong></span> <span class='ocrx_word' id='word_1_201' title='bbox 1301 2973 1443 3037; x_wconf 89' lang='lat' dir='ltr'><strong>quorum</strong></span> 
     </span>
     <span class='ocr_line' id='line_1_27' title="bbox 343 3057 1441 3145; baseline -0.005 -17"><span class='ocrx_word' id='word_1_202' title='bbox 343 3081 443 3145; x_wconf 89' lang='lat' dir='ltr'><strong>supra</strong></span> <span class='ocrx_word' id='word_1_203' title='bbox 455 3062 674 3126; x_wconf 89' lang='lat' dir='ltr'><strong>meminimus.</strong></span> <span class='ocrx_word' id='word_1_204' title='bbox 712 3060 855 3126; x_wconf 90' lang='lat' dir='ltr'><strong>Soluunt</strong></span> <span class='ocrx_word' id='word_1_205' title='bbox 866 3071 978 3126; x_wconf 91' lang='lat' dir='ltr'><strong>autem</strong></span> <span class='ocrx_word' id='word_1_206' title='bbox 991 3071 1025 3126; x_wconf 92' lang='lat' dir='ltr'><strong>et</strong></span> <span class='ocrx_word' id='word_1_207' title='bbox 1035 3061 1222 3125; x_wconf 87' lang='lat' dir='ltr'><strong>iudicantur</strong></span> <span class='ocrx_word' id='word_1_208' title='bbox 1230 3057 1441 3124; x_wconf 88' lang='lat' dir='ltr'><strong>vicecomites</strong></span> 
     </span>
     <span class='ocr_line' id='line_1_28' title="bbox 343 3160 1438 3250; baseline -0.006 -18"><span class='ocrx_word' id='word_1_209' title='bbox 343 3174 378 3232; x_wconf 88' lang='lat' dir='ltr'><strong>et</strong></span> <span class='ocrx_word' id='word_1_210' title='bbox 401 3163 456 3232; x_wconf 89' lang='lat' dir='ltr'><strong>alii</strong></span> <span class='ocrx_word' id='word_1_211' title='bbox 479 3165 590 3250; x_wconf 86' lang='lat' dir='ltr'><strong>plures</strong></span> <span class='ocrx_word' id='word_1_212' title='bbox 613 3167 647 3230; x_wconf 90' lang='lat' dir='ltr'><strong>in</strong></span> <span class='ocrx_word' id='word_1_213' title='bbox 671 3185 774 3250; x_wconf 90' lang='lat' dir='ltr'><strong>regno</strong></span> <span class='ocrx_word' id='word_1_214' title='bbox 798 3185 938 3248; x_wconf 74' lang='lat' dir='ltr'><strong>quonum</strong></span> <span class='ocrx_word' id='word_1_215' title='bbox 965 3163 1103 3248; x_wconf 89' lang='lat' dir='ltr'><strong>quidam</strong></span> <span class='ocrx_word' id='word_1_216' title='bbox 1125 3162 1320 3227; x_wconf 86' lang='lat' dir='ltr'><strong>voluntariis</strong></span> <span class='ocrx_word' id='word_1_217' title='bbox 1345 3160 1438 3226; x_wconf 88' lang='lat' dir='ltr'><strong>obla-</strong></span> 
     </span>
     <span class='ocr_line' id='line_1_29' title="bbox 343 3265 1442 3352; baseline -0.005 -18"><span class='ocrx_word' id='word_1_218' title='bbox 343 3269 501 3348; x_wconf 90' lang='lat' dir='ltr'><strong>tionibus,</strong></span> <span class='ocrx_word' id='word_1_219' title='bbox 523 3270 659 3352; x_wconf 89' lang='lat' dir='ltr'><strong>quidam</strong></span> <span class='ocrx_word' id='word_1_220' title='bbox 684 3269 873 3335; x_wconf 89' lang='lat' dir='ltr'><strong>necessariis</strong></span> <span class='ocrx_word' id='word_1_221' title='bbox 894 3267 1116 3334; x_wconf 89' lang='lat' dir='ltr'><strong>solutionibus</strong></span> <span class='ocrx_word' id='word_1_222' title='bbox 1138 3265 1275 3332; x_wconf 87' lang='lat' dir='ltr'><strong>obnoxii</strong></span> <span class='ocrx_word' id='word_1_223' title='bbox 1297 3273 1382 3340; x_wconf 89' lang='lat' dir='ltr'><strong>sunt,</strong></span> <span class='ocrx_word' id='word_1_224' title='bbox 1398 3265 1442 3329; x_wconf 90' lang='lat' dir='ltr'><strong>de</strong></span> 
     </span>
     <span class='ocr_line' id='line_1_30' title="bbox 345 3369 1521 3457; baseline -0.004 -19"><span class='ocrx_word' id='word_1_225' title='bbox 345 3373 465 3457; x_wconf 89' lang='lat' dir='ltr'><strong>quibus</strong></span> <span class='ocrx_word' id='word_1_226' title='bbox 474 3373 557 3438; x_wconf 87' lang='lat' dir='ltr'><strong>infra</strong></span> <span class='ocrx_word' id='word_1_227' title='bbox 568 3373 696 3457; x_wconf 88' lang='lat' dir='ltr'><strong>plenius</strong></span> <span class='ocrx_word' id='word_1_228' title='bbox 707 3373 856 3438; x_wconf 88' lang='lat' dir='ltr'><strong>dicemus</strong></span> <span class='ocrx_word' id='word_1_229' title='bbox 866 3373 900 3437; x_wconf 90' lang='lat' dir='ltr'><strong>in</strong></span> <span class='ocrx_word' id='word_1_230' title='bbox 912 3371 1049 3456; x_wconf 89' lang='lat' dir='ltr'><strong>agendis</strong></span> <span class='ocrx_word' id='word_1_231' title='bbox 1058 3370 1270 3436; x_wconf 90' lang='lat' dir='ltr'><strong>vicecomitis.</strong></span> <span class='ocrx_word' id='word_1_232' title='bbox 1310 3369 1442 3435; x_wconf 91' lang='lat' dir='ltr'><strong>Horum</strong></span> <span class='ocrx_word' id='word_1_233' title='bbox 1518 3380 1521 3386; x_wconf 86' lang='lat'>&#39;</span> 
     </span>
    </p>

    <p class='ocr_par' dir='ltr' id='par_1_12' title="bbox 299 3473 1448 4082">
     <span class='ocr_line' id='line_1_31' title="bbox 299 3473 1444 3560; baseline -0.009 -14"><span class='ocrx_word' id='word_1_234' title='bbox 299 3477 456 3560; x_wconf 78' lang='lat' dir='ltr'><strong>soitaque</strong></span> <span class='ocrx_word' id='word_1_235' title='bbox 478 3497 553 3542; x_wconf 92' lang='lat' dir='ltr'><strong>cum</strong></span> <span class='ocrx_word' id='word_1_236' title='bbox 580 3497 638 3559; x_wconf 91' lang='lat' dir='ltr'><strong>per</strong></span> <span class='ocrx_word' id='word_1_237' title='bbox 659 3497 774 3541; x_wconf 91' lang='lat' dir='ltr'><strong>omnes</strong></span> <span class='ocrx_word' id='word_1_238' title='bbox 795 3475 972 3542; x_wconf 87' lang='lat' dir='ltr'><strong>comitatus</strong></span> <span class='ocrx_word' id='word_1_239' title='bbox 994 3494 1168 3540; x_wconf 87' lang='lat' dir='ltr'><strong>numerosa</strong></span> <span class='ocrx_word' id='word_1_240' title='bbox 1191 3473 1233 3538; x_wconf 91' lang='lat' dir='ltr'><strong>sit</strong></span> <span class='ocrx_word' id='word_1_241' title='bbox 1255 3473 1444 3554; x_wconf 86' lang='lat' dir='ltr'><strong>multitudo,</strong></span> 
     </span>
     <span class='ocr_line' id='line_1_32' title="bbox 345 3577 1446 3666; baseline -0.008 -17"><span class='ocrx_word' id='word_1_242' title='bbox 345 3590 478 3666; x_wconf 90' lang='lat' dir='ltr'><strong>oportet</strong></span> <span class='ocrx_word' id='word_1_243' title='bbox 489 3581 523 3646; x_wconf 90' lang='lat' dir='ltr'><strong>in</strong></span> <span class='ocrx_word' id='word_1_244' title='bbox 537 3583 609 3664; x_wconf 92' lang='lat' dir='ltr'><strong>ipsa</strong></span> <span class='ocrx_word' id='word_1_245' title='bbox 621 3580 778 3646; x_wconf 88' lang='lat' dir='ltr'><strong>citatione</strong></span> <span class='ocrx_word' id='word_1_246' title='bbox 794 3580 913 3644; x_wconf 90' lang='lat' dir='ltr'><strong>emissa</strong></span> <span class='ocrx_word' id='word_1_247' title='bbox 927 3581 971 3644; x_wconf 88' lang='lat' dir='ltr'><strong>de</strong></span> <span class='ocrx_word' id='word_1_248' title='bbox 982 3579 1120 3664; x_wconf 90' lang='lat' dir='ltr'><strong>singulis</strong></span> <span class='ocrx_word' id='word_1_249' title='bbox 1131 3578 1278 3644; x_wconf 90' lang='lat' dir='ltr'><strong>seriatim</strong></span> <span class='ocrx_word' id='word_1_250' title='bbox 1290 3577 1446 3660; x_wconf 87' lang='lat' dir='ltr'><strong>exprimi,</strong></span> 
     </span>
     <span class='ocr_line' id='line_1_33' title="bbox 344 3682 1445 3770; baseline -0.005 -19"><span class='ocrx_word' id='word_1_251' title='bbox 344 3695 508 3770; x_wconf 89' lang='lat' dir='ltr'><strong>quantum</strong></span> <span class='ocrx_word' id='word_1_252' title='bbox 534 3685 568 3749; x_wconf 92' lang='lat' dir='ltr'><strong>in</strong></span> <span class='ocrx_word' id='word_1_253' title='bbox 592 3684 728 3750; x_wconf 88' lang='lat' dir='ltr'><strong>instanti</strong></span> <span class='ocrx_word' id='word_1_254' title='bbox 754 3683 898 3749; x_wconf 88' lang='lat' dir='ltr'><strong>termino</strong></span> <span class='ocrx_word' id='word_1_255' title='bbox 928 3682 1013 3748; x_wconf 90' lang='lat' dir='ltr'><strong>solui</strong></span> <span class='ocrx_word' id='word_1_256' title='bbox 1035 3683 1166 3760; x_wconf 88' lang='lat' dir='ltr'><strong>debeat,</strong></span> <span class='ocrx_word' id='word_1_257' title='bbox 1191 3682 1322 3747; x_wconf 89' lang='lat' dir='ltr'><strong>adiecta</strong></span> <span class='ocrx_word' id='word_1_258' title='bbox 1344 3682 1445 3746; x_wconf 91' lang='lat' dir='ltr'><strong>etiam</strong></span> 
     </span>
     <span class='ocr_line' id='line_1_34' title="bbox 345 3785 1447 3858; baseline -0.005 -2"><span class='ocrx_word' id='word_1_259' title='bbox 345 3810 447 3858; x_wconf 87' lang='lat' dir='ltr'><strong>causa</strong></span> <span class='ocrx_word' id='word_1_260' title='bbox 460 3797 497 3856; x_wconf 91' lang='lat' dir='ltr'><strong>vt</strong></span> <span class='ocrx_word' id='word_1_261' title='bbox 511 3789 559 3854; x_wconf 92' lang='lat' dir='ltr'><strong>sic</strong></span> <span class='ocrx_word' id='word_1_262' title='bbox 573 3789 702 3854; x_wconf 91' lang='lat' dir='ltr'><strong>dicatur</strong></span> <span class='ocrx_word' id='word_1_263' title='bbox 717 3788 778 3853; x_wconf 85' lang='lat' dir='ltr'><strong>‘de</strong></span> <span class='ocrx_word' id='word_1_264' title='bbox 792 3787 849 3854; x_wconf 92' lang='lat' dir='ltr'><strong>illo</strong></span> <span class='ocrx_word' id='word_1_265' title='bbox 864 3787 989 3853; x_wconf 89' lang='lat' dir='ltr'><strong>habeas</strong></span> <span class='ocrx_word' id='word_1_266' title='bbox 1004 3787 1091 3852; x_wconf 88' lang='lat' dir='ltr'><strong>hanc</strong></span> <span class='ocrx_word' id='word_1_267' title='bbox 1105 3785 1159 3852; x_wconf 91' lang='lat' dir='ltr'><strong>vel</strong></span> <span class='ocrx_word' id='word_1_268' title='bbox 1174 3785 1265 3850; x_wconf 86' lang='lat' dir='ltr'><strong>illam</strong></span> <span class='ocrx_word' id='word_1_269' title='bbox 1280 3804 1447 3850; x_wconf 86' lang='lat' dir='ltr'><strong>summam</strong></span> 
     </span>
     <span class='ocr_line' id='line_1_35' title="bbox 346 3888 1446 3977; baseline -0.006 -18"><span class='ocrx_word' id='word_1_270' title='bbox 346 3903 483 3977; x_wconf 89' lang='lat' dir='ltr'><strong>propter</strong></span> <span class='ocrx_word' id='word_1_271' title='bbox 504 3891 601 3968; x_wconf 91' lang='lat' dir='ltr'><strong>hanc,</strong></span> <span class='ocrx_word' id='word_1_272' title='bbox 620 3890 673 3957; x_wconf 93' lang='lat' dir='ltr'><strong>vel</strong></span> <span class='ocrx_word' id='word_1_273' title='bbox 695 3891 781 3956; x_wconf 88' lang='lat' dir='ltr'><strong>hanc</strong></span> <span class='ocrx_word' id='word_1_274' title='bbox 804 3889 955 3957; x_wconf 84' lang='lat' dir='ltr'><strong>causam.¹</strong></span> <span class='ocrx_word' id='word_1_275' title='bbox 1001 3889 1152 3974; x_wconf 85' lang='lat' dir='ltr'><strong>Quodsi</strong></span> <span class='ocrx_word' id='word_1_276' title='bbox 1175 3911 1196 3956; x_wconf 87' lang='lat' dir='ltr'><strong>a</strong></span> <span class='ocrx_word' id='word_1_277' title='bbox 1218 3888 1382 3955; x_wconf 90' lang='lat' dir='ltr'><strong>residente</strong></span> <span class='ocrx_word' id='word_1_278' title='bbox 1402 3889 1446 3953; x_wconf 91' lang='lat' dir='ltr'><strong>ad</strong></span> 
     </span>
     <span class='ocr_line' id='line_1_36' title="bbox 300 3991 1448 4082; baseline -0.008 -18"><span class='ocrx_word' id='word_1_279' title='bbox 300 4009 332 4064; x_wconf 74' lang='lat'><strong>³⁵</strong></span> <span class='ocrx_word' id='word_1_280' title='bbox 348 4005 541 4082; x_wconf 88' lang='lat' dir='ltr'><strong>compotum</strong></span> <span class='ocrx_word' id='word_1_281' title='bbox 555 3995 751 4062; x_wconf 89' lang='lat' dir='ltr'><strong>vicecomite</strong></span> <span class='ocrx_word' id='word_1_282' title='bbox 768 3995 952 4079; x_wconf 86' lang='lat' dir='ltr'><strong>requiratur</strong></span> <span class='ocrx_word' id='word_1_283' title='bbox 966 3993 1091 4078; x_wconf 90' lang='lat' dir='ltr'><strong>aliquid</strong></span> <span class='ocrx_word' id='word_1_284' title='bbox 1106 3995 1149 4059; x_wconf 91' lang='lat' dir='ltr'><strong>de</strong></span> <span class='ocrx_word' id='word_1_285' title='bbox 1164 3993 1282 4078; x_wconf 89' lang='lat' dir='ltr'><strong>quouis</strong></span> <span class='ocrx_word' id='word_1_286' title='bbox 1297 3991 1448 4057; x_wconf 89' lang='lat' dir='ltr'><strong>debitore</strong></span> 
     </span>
    </p>
   </div>
   <div class='ocr_carea' id='block_1_3' title="bbox 348 4167 1453 4386">
    <p class='ocr_par' dir='ltr' id='par_1_13' title="bbox 348 4167 1453 4386">
     <span class='ocr_line' id='line_1_37' title="bbox 386 4167 1450 4242; baseline -0.006 -14"><span class='ocrx_word' id='word_1_287' title='bbox 386 4187 419 4228; x_wconf 87' lang='lat'><strong>10</strong></span> <span class='ocrx_word' id='word_1_288' title='bbox 430 4182 557 4228; x_wconf 88' lang='lat' dir='ltr'><strong>nostrum</strong></span> <span class='ocrx_word' id='word_1_289' title='bbox 566 4173 594 4228; x_wconf 88' lang='lat' dir='ltr'><em>R</em></span> <span class='ocrx_word' id='word_1_290' title='bbox 690 4186 722 4240; x_wconf 86' lang='lat'><strong>13</strong></span> <span class='ocrx_word' id='word_1_291' title='bbox 736 4169 884 4242; x_wconf 87' lang='lat' dir='ltr'><strong>industria]</strong></span> <span class='ocrx_word' id='word_1_292' title='bbox 898 4170 1017 4228; x_wconf 87' lang='lat' dir='ltr'><strong>materia</strong></span> <span class='ocrx_word' id='word_1_293' title='bbox 1028 4171 1064 4227; x_wconf 87' lang='lat' dir='ltr'><em>N</em></span> <span class='ocrx_word' id='word_1_294' title='bbox 1163 4170 1275 4226; x_wconf 79' lang='lat' dir='ltr'><strong>ferreris</strong></span> <span class='ocrx_word' id='word_1_295' title='bbox 1288 4170 1325 4225; x_wconf 91' lang='lat' dir='ltr'><strong>C:</strong></span> <span class='ocrx_word' id='word_1_296' title='bbox 1339 4167 1450 4224; x_wconf 86' lang='lat' dir='ltr'><strong>ferruR</strong></span> 
     </span>
     <span class='ocr_line' id='line_1_38' title="bbox 348 4239 1451 4313; baseline -0.006 -14"><span class='ocrx_word' id='word_1_297' title='bbox 348 4259 384 4299; x_wconf 86' lang='lat'><strong>20</strong></span> <span class='ocrx_word' id='word_1_298' title='bbox 395 4243 594 4300; x_wconf 86' lang='lat' dir='ltr'><strong>auctoritasN</strong></span> <span class='ocrx_word' id='word_1_299' title='bbox 632 4257 665 4312; x_wconf 82' lang='lat'><strong>23</strong></span> <span class='ocrx_word' id='word_1_300' title='bbox 679 4241 806 4313; x_wconf 74' lang='lat' dir='ltr'><strong>sedeant]</strong></span> <span class='ocrx_word' id='word_1_301' title='bbox 820 4242 995 4300; x_wconf 84' lang='lat' dir='ltr'><strong>scribeantR</strong></span> <span class='ocrx_word' id='word_1_302' title='bbox 1037 4240 1222 4309; x_wconf 68' lang='lat' dir='ltr'><strong>usednntR</strong></span> <span class='ocrx_word' id='word_1_303' title='bbox 1259 4239 1451 4310; x_wconf 68' lang='lat' dir='ltr'><strong>25ve10neR</strong></span> 
     </span>
     <span class='ocr_line' id='line_1_39' title="bbox 348 4309 1453 4386; baseline -0.002 -18"><span class='ocrx_word' id='word_1_304' title='bbox 348 4329 383 4384; x_wconf 87' lang='lat'><strong>32</strong></span> <span class='ocrx_word' id='word_1_305' title='bbox 402 4313 542 4372; x_wconf 84' lang='lat' dir='ltr'><strong>inom.N</strong></span> <span class='ocrx_word' id='word_1_306' title='bbox 608 4329 642 4386; x_wconf 85' lang='lat'><strong>33</strong></span> <span class='ocrx_word' id='word_1_307' title='bbox 660 4331 800 4372; x_wconf 87' lang='lat' dir='ltr'><strong>summam</strong></span> <span class='ocrx_word' id='word_1_308' title='bbox 812 4314 908 4372; x_wconf 84' lang='lat' dir='ltr'><strong>om.N</strong></span> <span class='ocrx_word' id='word_1_309' title='bbox 973 4311 1176 4385; x_wconf 73' lang='lat' dir='ltr'><strong>34⁵i]ver06</strong></span> <span class='ocrx_word' id='word_1_310' title='bbox 1244 4310 1273 4383; x_wconf 94' lang='lat' dir='ltr'><strong>a]</strong></span> <span class='ocrx_word' id='word_1_311' title='bbox 1287 4309 1453 4370; x_wconf 88' lang='lat' dir='ltr'><strong>antemNR</strong></span> 
     </span>
    </p>
   </div>
   <div class='ocr_carea' id='block_1_4' title="bbox 0 0 1636 4868">
    <p class='ocr_par' dir='ltr' id='par_1_14' title="bbox 0 0 1636 4868">
     <span class='ocr_line' id='line_1_40' title="bbox 0 0 1636 4868; baseline 0 0"><span class='ocrx_word' id='word_1_312' title='bbox 0 0 1636 4868; x_wconf 95' lang='lat' dir='ltr'><strong> </strong></span> 
     </span>
    </p>
   </div>
  </div>
 </body>
</html>
