3228 4868
340 292 404 355 144
706 273 773 340 DE
797 270 1072 341 SCACCARIO
1288 270 1333 363 [11
1345 274 1436 340 xiie

338 443 565 512 consimilibus
595 444 698 510 semel
727 446 808 512 data
842 443 993 511 sufficiat.
1047 445 1102 510 De
1131 443 1194 510 hac
1223 452 1338 510 tamen
1367 445 1435 511 fide
1479 497 1481 500 .

338 549 406 615 iam
435 549 523 614 circa
548 549 642 616 initia
667 549 762 633 plura
790 549 881 615 dicta
909 558 987 614 sunt
1012 557 1047 616 et
1072 557 1198 614 restant
1231 549 1343 633 aliqua
1374 569 1437 615 suo

267 706 327 767 xm
339 635 414 717 loco
436 652 588 719 dicenda.

301 789 328 838 A
383 757 484 824 Porro
504 757 556 822 hic
577 758 720 842 primurn
740 758 1010 843 distinguendum
1032 764 1083 822 est
1105 755 1191 824 circa
1210 755 1378 823 debitores
1401 769 1437 824 ct

311 863 452 940 5debita
465 872 503 927 vt
517 864 550 928 in
570 862 690 946 quibus
707 861 791 927 fides
811 861 924 928 oblata
942 862 1053 928 locum
1070 859 1201 940 habeat,
1217 869 1251 926 et
1266 861 1300 924 in
1315 861 1436 946 quibus

338 989 416 1048 non,
430 969 492 1036 tibi
508 975 638 1034 constet
652 989 660 1048 ;
682 967 710 1033 si
730 967 818 1032 enim
833 967 927 1032 miles
941 967 996 1031 vel
1012 965 1094 1030 liber
1110 965 1194 1030 alius
1212 974 1271 1030 aut
1286 965 1435 1050 ascripti-

337 1071 404 1136 tius
425 1071 477 1137 vel
504 1071 870 1156 quelibethuiusmodi
892 1070 1114 1154 cuiuscunque
1143 1069 1348 1135 condicionis
1377 1080 1437 1136 aut

337 1193 439 1240 sexus
462 1195 612 1259 persona,
626 1174 696 1260 regi
715 1181 847 1242 tenetur
861 1175 896 1238 in
914 1175 1033 1259 quouis
1052 1171 1176 1252 debito,
1191 1171 1282 1256 quod
1297 1173 1434 1256 quidem

336 1301 423 1362 pena
445 1279 489 1346 sit
514 1301 575 1364 pro
601 1299 740 1346 excessu
766 1299 834 1343 non
855 1277 1007 1344 oblatum
1031 1285 1263 1364 spontaneum,
1288 1275 1355 1343 fide
1380 1275 1436 1344 illa

294 1404 326 1440 10
336 1383 541 1450 vicecomitis
570 1382 684 1451 oblata
713 1391 747 1448 et
776 1383 810 1447 in
836 1381 903 1447 fine
930 1379 1140 1464 suscipienda
1169 1389 1345 1446 contentus
1374 1381 1436 1445 erit

337 1483 568 1564 thesaurarius,
583 1496 617 1551 et
634 1487 754 1552 iterato
768 1485 929 1550 scribetur
947 1485 1077 1550 debitor
1096 1483 1131 1549 in
1146 1482 1209 1548 hoc
1229 1483 1337 1549 annali
1352 1485 1436 1550 sicut

338 1591 373 1655 in
395 1593 553 1675 preterito
576 1590 625 1655 vir
645 1589 698 1656 vel
718 1588 844 1670 mulier,
858 1588 950 1653 cuius
972 1589 1059 1654 actio
1082 1607 1141 1672 per
1163 1587 1309 1672 inopiam
1331 1587 1437 1653 inanis

337 1693 425 1760 iacta
439 1702 501 1760 est.
544 1694 668 1760 Verum
684 1713 778 1758 secus
792 1701 853 1771 est,
867 1693 895 1756 si
911 1691 1043 1757 debitor
1057 1691 1123 1774 ille,
1138 1693 1181 1758 de
1195 1713 1263 1776 quo
1277 1692 1436 1775 queritur,

338 1797 420 1864 ciuis
440 1808 492 1864 est
510 1797 563 1865 vel
583 1795 764 1882 burgensis,
779 1796 806 1862 si
825 1795 947 1862 scilicet
966 1815 1086 1878 genere
1104 1795 1184 1862 ciuis
1204 1797 1248 1860 sit
1267 1796 1329 1875 vel,
1348 1795 1437 1862 lacta

295 1923 325 1974 τε
338 1901 401 1967 sibi
427 1902 634 1978 necessitate,
657 1900 935 1968 commorantium
958 1900 1080 1965 ciuium
1103 1899 1232 1985 legibus
1254 1910 1376 1983 sponte
1399 1919 1437 1965 se

338 2004 521 2072 subiecerit
566 2005 644 2071 Non
670 2005 758 2070 enirn
784 2003 905 2070 sufficit
926 2003 1111 2070 vicecomiti
1136 2005 1226 2086 quod
1252 2003 1380 2080 horum,
1406 2003 1435 2067 si

338 2108 394 2193 qui
416 2109 460 2172 de
481 2107 638 2191 requisita
659 2127 789 2174 summa
812 2129 878 2174 non
901 2107 1115 2184 satisfaciunt,
1142 2107 1279 2173 mobilia
1301 2115 1434 2172 tantum

338 2211 447 2277 soluat
467 2211 522 2276 vel
546 2212 693 2295 quesisse
718 2231 755 2276 se
780 2231 841 2276 nec
865 2209 1029 2276 inuenisse
1055 2209 1156 2276 fidem
1180 2210 1307 2287 offerat,
1329 2219 1367 2274 vt
1389 2210 1436 2275 sic

338 2315 381 2380 ad
396 2315 595 2380 scaccarium
615 2313 782 2390 liberetur,
796 2313 858 2377 nisi
878 2333 993 2378 eorum
1012 2323 1046 2378 et
1064 2315 1183 2380 domos
1204 2323 1238 2378 et
1257 2313 1378 2378 fundos
1400 2322 1435 2376 et

294 2439 326 2475 πο
339 2418 505 2503 quoslibet
519 2419 649 2484 vrbium
665 2417 814 2492 redditus
829 2415 957 2483 infiscet
971 2426 1005 2482 et
1017 2436 1119 2501 penes
1133 2418 1217 2482 alios
1232 2417 1384 2496 collocet,
1398 2427 1436 2482 vt

338 2521 392 2588 vel
410 2521 458 2588 sic
478 2521 591 2588 debita
611 2522 679 2605 regi
700 2520 840 2606 pecunia
859 2520 1050 2604 proueniat3
1072 2521 1163 2604 quod
1183 2520 1210 2585 si
1226 2541 1293 2586 non
1309 2519 1436 2584 inueni·

339 2634 437 2690 antur
449 2626 506 2710 qui
520 2625 709 2708 suscipiant,
725 2623 935 2707 parcentibus
949 2622 1012 2687 sibi
1032 2623 1174 2689 inuicem
1191 2623 1339 2689 eiusdem
1354 2642 1435 2687 con·

338 2729 477 2794 dicionis
496 2728 692 2806 hominibus,
707 2727 826 2792 domos
847 2746 960 2791 eorum
982 2727 1063 2791 seris
1084 2727 1234 2793 obstruat
1256 2737 1290 2792 ct
1312 2725 1434 2791 fundos

338 2833 514 2918 diligenter
533 2831 642 2898 excoli
662 2831 770 2898 saciat.
814 2829 950 2896 sivero
972 2828 1103 2895 interim
1125 2830 1172 2896 hii
1193 2831 1351 2898 soluerint
1368 2853 1435 2917 que

295 2957 325 3008 ²5
338 2937 552 3022 requiruntur,
568 2937 611 3002 ad
636 2935 867 3020 proprietarios
888 2934 976 3017 ipsos
996 2953 1057 3018 per
1079 2953 1215 3000 manum
1234 2936 1436 3002 vicecomitis

338 3042 408 3106 sine
423 3041 581 3118 molestia,
594 3061 661 3125 que
676 3039 726 3104 sui
742 3039 819 3102 iuris
833 3048 919 3113 sunt.
935 3038 1122 3104 reddentur.

381 3143 578 3229 Discipulus.
624 3143 738 3208 Mirari
763 3142 842 3207 satis
868 3161 935 3208 non
957 3161 1092 3226 possum
1115 3140 1172 3206 vbi
1197 3141 1297 3225 culpa
1324 3141 1437 3226 dispar
1496 3189 1501 3196 -

305 3267 407 3319 Bnon
422 3257 473 3313 est

403 3374 479 3432 ‘cur
493 3387 599 3454 genus
613 3366 676 3434 hoc
690 3366 862 3432 hominum
876 3365 1009 3450 grauius
1024 3365 1081 3431 lex
1096 3373 1210 3431 nostra
1225 3361 1375 3430 coercet.'

293 3540 325 3590 30
380 3504 557 3588 Magister.
595 3505 749 3570 Maxima
767 3523 843 3588 pars
866 3502 1077 3588 possessionis
1099 3523 1214 3568 eorum
1236 3503 1293 3586 qui
1315 3501 1436 3568 fundos

337 3607 463 3674 habent
488 3617 523 3675 et
545 3629 604 3693 per
625 3608 860 3694 agriculturam
882 3615 1108 3672 sustentantur
1130 3606 1165 3670 in
1192 3606 1382 3690 pecudibus,
1402 3607 1435 3671 in

337 3711 532 3779 animalibus
553 3721 587 3778 et
606 3712 640 3776 in
660 3710 807 3796 frugibus
822 3719 872 3774 est
892 3719 927 3775 et
945 3709 1024 3775 item
1041 3710 1073 3774 in
1094 3708 1156 3774 hiis
1171 3729 1237 3791 que
1252 3729 1321 3774 non
1340 3707 1436 3774 facile

337 3815 600 3882 cohabitantium
630 3815 784 3880 notitiam
823 3822 961 3896 possunt
990 3810 1143 3896 effugere.
1195 3812 1246 3878 At
1276 3813 1347 3891 hiis,
1377 3812 1436 3897 qui

338 3919 558 3984 mercimoniis
581 3917 772 3997 inseruiunt,
787 3925 821 3981 et
841 3916 898 4000 qui
920 3923 1090 3998 parcentes
1107 3915 1303 4000 sumptibus,
1323 3913 1435 3980 multi·

294 4041 324 4094 35
338 4021 498 4106 plicandis
531 4021 788 4108 possessionibus
819 4020 898 4084 totis
926 4018 1050 4084 viribus
1079 4028 1114 4086 et
1143 4022 1252 4086 modis
1281 4018 1436 4084 omnibus

372 4206 526 4337 6suplvel
537 4209 597 4265 NR
625 4203 824 4292 ‘7quelibet]
837 4201 992 4276 quilibetC
1044 4215 1078 4272 rs
1096 4201 1133 4262 sit
1144 4203 1252 4262 ciuisc
1305 4217 1338 4275 19
1344 4203 1434 4276 prius

337 4289 431 4338 stom.
538 4293 571 4349 33
585 4295 634 4351 qus
646 4279 738 4336 συιδ
806 4291 841 4346 34
854 4283 985 4370 parentes
994 4274 1049 4332 RC
1100 4339 1106 4352 ,
