3210 4864
144 305 205 371 ms
220 279 264 395 r]
513 305 581 372 na
604 303 875 374 scaccnmo
1197 305 1241 370 m

186 478 362 562 Magister.
408 477 532 544 Merito
553 489 588 545 te
608 477 836 564 scrupulosum
858 477 939 544 dixi
986 478 1049 544 Est
1063 485 1098 544 et
1114 476 1179 543 alia
1193 478 1245 545 set

140 583 325 649 occultior:
359 581 559 648 sicutenim
586 581 618 646 in
644 583 807 648 scaccario
833 581 919 646 lusili
948 581 1084 664 quidam
1112 581 1245 648 ordines

144 696 222 754 sunt
240 695 461 771 pugnatorum
481 695 516 752 et
536 687 635 752 certis
654 686 783 770 legibus
803 683 856 750 vel
877 685 1037 750 limitibus
1059 685 1278 770 procedunts

143 789 195 855 vel
219 790 411 866 subsistunt,
425 789 665 876 presidentsssus
684 789 756 856 aliis
771 799 805 862 et
824 788 898 854 aliis
917 789 1176 874 precedentibus,
1197 789 1244 854 sic

144 895 178 958 in
198 892 263 959 hoc
283 895 418 977 quidam
434 893 602 979 president
617 893 752 977 quidam
771 893 918 959 assident
936 914 981 958 ex
996 893 1115 972 officio,
1129 903 1163 958 et
1177 913 1272 967 nons

144 1005 196 1062 est
216 998 371 1080 cuiquam
389 995 531 1062 liberum
552 996 646 1082 leges
667 997 865 1064 constitutas
885 997 1048 1062 excedere
1069 997 1159 1080 quod
1182 997 1245 1061 erit

144 1123 189 1166 ex
210 1101 488 1186 consequentibus
508 1101 727 1169 manifestum.
774 1101 869 1186 Item,
882 1103 967 1168 sicut
981 1101 1015 1164 in
1030 1099 1117 1166 lusili
1133 1120 1246 1186 pugna

145 1205 364 1272 committitur
383 1205 469 1270 inter
488 1223 591 1290 reges,
607 1206 655 1271 sic
675 1205 709 1270 in
729 1203 793 1270 hoc
813 1205 899 1270 inter
917 1205 1002 1269 duos
1024 1203 1245 1288 principaliter

145 1307 319 1374 conflictus
333 1318 384 1375 est
399 1319 434 1375 et
448 1329 562 1394 pugna
575 1308 800 1387 committitur,
815 1307 1057 1374 thesaurarium
1071 1307 1197 1374 scilicet
1210 1316 1245 1372 et

144 1412 374 1478 vicecomitem
396 1411 453 1496 qui
480 1412 605 1478 assidet
630 1412 673 1477 ad
699 1420 905 1496 compotum,
926 1411 1148 1477 residentibus
1171 1410 1245 1476 aliis
1260 1443 1290 1480 ιο

144 1517 307 1599 'tanquam
323 1515 484 1580 iudicibus
498 1526 535 1581 vt
549 1516 685 1583 videant
698 1524 733 1582 et
747 1516 902 1582 iudicent.

187 1618 386 1702 Discipulus.
432 1620 605 1704 Numquid
620 1641 641 1685 a
655 1619 860 1686 thesaurario
875 1627 1053 1704 compotus
1067 1618 1244 1702 suscipitur

145 1742 222 1788 cum
237 1723 304 1789 illic
316 1721 412 1788 multi
421 1723 486 1788 sint
497 1723 554 1808 qui
566 1724 695 1790 ratione
704 1723 880 1808 potestatis
892 1723 1033 1788 maiores
1042 1722 1244 1788 videantur?

188 1826 364 1910 Magister.
417 1825 520 1910 Quod
545 1827 764 1894 thesaurarius
790 1847 811 1892 a
833 1827 1028 1894 vicecomite
1050 1835 1244 1910 compotum

145 1931 303 2015 suscipiat
324 1930 402 1997 hinc
424 1939 475 1997 est
497 1931 709 2000 manifestum
730 1930 809 2016 quia
830 1931 919 1996 idem
940 1931 984 1997 ab
1006 1951 1047 1997 eo
1072 1951 1148 1997 cum
1175 1931 1243 2016 regi
1259 1959 1288 2010 ¹5

145 2034 307 2118 placuerit
321 2035 505 2120 requiritur.
549 2035 623 2102 Nec
640 2037 731 2101 enim
750 2038 794 2102 ab
817 2035 891 2121 ipso
913 2034 1133 2120 requireretur
1153 2035 1244 2118 quod

145 2157 214 2204 non
235 2139 443 2224 suscepisset.
488 2137 574 2205 Sunt
595 2149 707 2204 umen
729 2139 786 2224 qui
808 2141 922 2206 dicant
942 2138 1183 2204 thesaurarium
1209 2151 1244 2204 et

141 2242 345 2308 camerarios
362 2243 528 2309 obnoxios
549 2253 681 2309 tantum
701 2243 764 2308 hiis
783 2263 849 2326 que
870 2242 1054 2308 scribuntur
1071 2241 1105 2306 in
1128 2242 1245 2309 rotulis

143 2345 207 2410 ‘In
233 2345 409 2412 thesauro’
430 2356 468 2413 vt
490 2348 533 2413 de
553 2347 618 2412 hiis
638 2357 816 2432 compotus
841 2346 884 2412 ab
906 2346 953 2412 eis
974 2345 1137 2431 exigatur.
1183 2345 1246 2412 Set

142 2449 254 2516 uerius
270 2451 414 2516 creditur
428 2461 465 2517 vt
475 2452 518 2518 de
533 2460 607 2518 tota
620 2453 782 2536 scriptura
796 2450 895 2516 rotuli
911 2449 1243 2536 respondeant,quod
1259 2471 1290 2507 ιο

142 2575 190 2621 ex
205 2555 484 2638 consequentibus
498 2564 651 2622 constare
664 2555 795 2640 poterit

188 2653 383 2738 Dacipulus.
425 2655 599 2740 Numquid
621 2655 729 2722 solum
746 2655 828 2720 illud
850 2653 1048 2722 scaccarium
1063 2661 1114 2720 est
1128 2653 1162 2718 in
1176 2657 1279 2739 quoii

139 2751 222 2826 ‘calis
236 2757 409 2825 conflictus
423 2764 499 2824 est?

188 2861 365 2945 Magtster.
410 2862 499 2928 Non.
544 2861 607 2929 Est
628 2862 717 2928 enim
739 2860 874 2928 inferius
888 2862 1089 2929 scaccarium
1103 2861 1194 2946 quod
1210 2869 1245 2926 et

141 2957 336 3050 '‘Recepta'
351 2965 473 3032 dicitur
486 2966 542 3032 vbi
557 2967 698 3052 pecunia
713 2974 844 3052 recepta
859 2975 1051 3031 numeratur
1066 2974 1101 3030 et
1115 2963 1245 3050 scriptis
1258 2995 1289 3048 ²⁵

141 3075 182 3134 'et
195 3067 291 3134 taleis
305 3069 526 3135 committitur
539 3081 577 3137 vt
597 3071 640 3136 de
660 3070 785 3136 eisdem
807 3069 1022 3155 postmodum
1037 3069 1072 3133 in
1086 3067 1245 3154 superiori
1263 3121 1266 3130 .

144 3183 321 3258 compotus
340 3173 408 3239 fiat.
452 3173 531 3240 Vna
551 3183 665 3240 umen
679 3173 850 3258 utriusque
871 3172 963 3256 origo
978 3181 1038 3254 est,
1053 3171 1131 3255 quia
1153 3172 1245 3255 quic·

145 3277 227 3361 quid
241 3277 442 3344 soluendum
464 3299 537 3344 esse
559 3279 594 3343 in
611 3278 738 3344 maiore
759 3275 1014 3361 deprehenditur
1034 3275 1089 3342 hic
1106 3275 1246 3342 soluitur

145 3391 181 3447 et
194 3381 286 3466 quod
302 3381 356 3447 hic
370 3381 516 3448 solutum
530 3381 628 3450 suerit
642 3381 688 3448 ibi
703 3389 926 3467 computatur.

187 3483 385 3568 Dekcipulus.
425 3485 502 3570 Que
511 3495 562 3552 est
571 3487 656 3553 ratio
666 3484 718 3552 vel
729 3484 893 3551 institutio
904 3483 1064 3550 inferioris
1072 3484 1244 3552 scaccarii?
1256 3523 1282 3573 A

188 3587 365 3670 Meaez'staer.
408 3589 456 3656 Vt
470 3591 570 3656 video
585 3589 706 3655 nullius
723 3588 842 3654 horum
858 3587 1077 3672 ignorantiam
1093 3589 1244 3654 sustines.

145 3691 288 3759 Noueris
309 3701 421 3758 autem
447 3693 539 3777 quod
562 3692 695 3759 inferius
716 3691 797 3758 illud
818 3691 1019 3759 scaccarium
1043 3713 1120 3759 suas
1142 3693 1246 3758 habet

145 3816 306 3883 personas
325 3796 458 3863 ratione
479 3797 613 3881 quidem
635 3795 818 3865 officiorum
840 3819 862 3864 a
881 3811 919 3864 'se
941 3796 1123 3878 distinctas,
1139 3805 1191 3861 set
1212 3797 1246 3861 ia

179 3987 344 4076 aqqidam]
373 3991 538 4074 nedamN·
581 4001 647 4076 με
659 3990 720 4048 aliis
731 3984 825 4049 Μ
914 3991 1067 4049 filibernm
1079 3991 1249 4075 cuiquam(⁴

146 4077 180 4120 to
195 4063 322 4120 madent
439 4077 469 4146 ις
490 4072 518 4146 et
531 4062 654 4120 rudroent
665 4079 720 4120 om.
732 4064 760 4118 R
798 4133 805 4147 ι
832 4075 864 4119 12
878 4063 924 4120 De
934 4071 1068 4134 compoto
1079 4063 1246 4120 thesauram

145 4135 340 4276 ggcirpfiius..
351 4133 623 4275 ‚ffiss‘tfflm
629 4131 910 4262 thnqueqpplqung
922 4134 1041 4274 Νωωπιζ
1050 4133 1245 4262 {stratigoti

140 4274 326 4402 'mlv
356 4273 1010 4418 asersetceapqpqturqsuesrpgprgpptpppandatraditur
1027 4275 1062 4332 Ν
1129 4288 1164 4344 27
1182 4270 1244 4341 fiat]

741 4367 752 4404 ι
