3228 4868
327 277 369 346 72
695 261 762 327 na
785 257 1060 328 scaccnmo
1321 253 1351 349 [1
1367 273 1426 325 vr

325 433 603 519 accipin-ariorum
618 431 688 498 siue
704 431 955 499 falconariorum
971 432 1041 498 siue
1056 430 1279 498 bemariorum
1295 432 1338 498 ad
1354 433 1427 499 eius

326 540 469 606 officium
484 546 623 622 spectat,
638 537 666 602 si
681 557 814 622 presens
829 535 936 616 suerit,
951 537 1015 600 nisi
1034 537 1118 601 sorte
1133 535 1285 602 dominus
1300 556 1361 601 rex
1381 537 1424 603 ad

326 644 415 710 idern
431 642 575 726 aliquem
595 641 685 726 prius
704 641 921 725 assignauerit
938 640 1017 726 quia
1034 641 1297 706 constabularius
1312 663 1333 706 a
1348 661 1427 724 rege

326 768 393 813 non
408 746 502 812 facile
523 755 633 831 potest
655 744 752 810 auelli
774 752 910 828 propter
932 745 1059 810 maiora
1081 753 1116 810 et
1139 745 1243 830 magis
1265 747 1427 830 vrgentia.

300 847 540 941 5[Notandum
570 869 649 913 vero
677 850 769 933 quod
806 846 1015 914 marescallus
1051 849 1204 914 scaccarii
1234 850 1278 914 de
1305 849 1426 915 libera-

327 954 470 1019 tionibus
486 952 696 1020 residentium
712 952 853 1016 militum
869 950 1007 1035 percipit
1024 953 1113 1035 quod
1129 952 1264 1017 adeum
1280 953 1426 1037 pertinet

327 1059 454 1124 ratione
476 1057 575 1122 officii
598 1058 657 1136 sui,
680 1058 723 1123 de
751 1055 1013 1122 commeantibus
1043 1065 1154 1122 autem
1184 1052 1279 1144 nom]
1337 1057 1425 1123 Item

327 1162 405 1228 huic
426 1181 502 1228 cum
524 1160 596 1225 aliis
616 1160 745 1245 magnis
763 1180 938 1226 commune
960 1171 1012 1226 est
1030 1167 1067 1226 vt
1087 1157 1185 1224 nichil
1205 1181 1363 1246 magnum
1383 1180 1426 1226 eo

328 1265 515 1331 inconsulto
530 1264 600 1329 fieri
615 1265 746 1329 debeat.

285 1388 316 1426 ¹0
363 1367 776 1436 Camerariorumofficium
786 1387 955 1433 annexum
964 1375 1015 1432 est
1024 1366 1132 1433 officio
1141 1366 1427 1452 thesaurarii,quia

328 1494 395 1539 vno
406 1481 441 1538 et
450 1473 568 1538 eodem
576 1481 731 1556 pretextu
741 1472 875 1537 honoris
889 1469 941 1536 vel
950 1470 1114 1554 dispendii
1125 1470 1267 1537 militare
1282 1493 1427 1538 noscun-

327 1588 394 1656 tur,
404 1585 438 1641 et
447 1587 498 1642 est
510 1577 556 1642 eis
572 1577 659 1642 idem
674 1575 759 1640 velle
770 1584 804 1640 et
815 1577 902 1640 idem
915 1574 1002 1642 nolle
1016 1575 1059 1639 ad
1071 1575 1230 1640 honorem
1245 1577 1330 1661 regis
1340 1579 1426 1644 adeo

327 1681 465 1765 vtquod
477 1681 521 1745 ab
534 1701 599 1745 vno
610 1681 732 1746 sactum
744 1680 872 1744 luerita
887 1679 978 1744 nullo
989 1700 1103 1744 eorum
1119 1680 1249 1746 dicatur
1258 1681 1426 1747 iniectum.

329 1783 568 1850 Thesaurarius
594 1783 683 1848 enim
709 1804 770 1866 pro
799 1805 834 1849 se
860 1793 894 1849 et
920 1803 980 1866 pro
1006 1783 1054 1848 eis
1082 1783 1218 1867 suscipit
1249 1795 1427 1869 compotos

286 1909 316 1961 ιε
330 1897 364 1954 et
379 1889 559 1955 secundum
576 1886 753 1969 qualitates
774 1897 968 1952 exactorum
984 1887 1087 1952 verba
1106 1887 1272 1953 ministrat
1287 1890 1321 1953 in
1346 1891 1427 1954 scri·

292 2004 317 2056 G
331 2001 464 2077 pturam
487 1989 583 2055 rotuli
599 1991 632 2054 in
655 1991 777 2072 quibus
799 1991 955 2056 omnibus
976 1992 1048 2072 pari
1063 1992 1131 2055 iure
1153 1993 1319 2058 societatis
1341 1993 1428 2058 obli·

330 2106 461 2181 gantur,
475 2103 510 2160 et
525 2093 572 2159 sic
587 2097 630 2159 de
644 2093 717 2158 aliis
735 2115 801 2177 que
820 2093 874 2158 vel
894 2094 937 2158 ab
956 2094 1021 2160 hoc
1039 2093 1092 2159 vel
1109 2094 1153 2159 ab
1167 2094 1232 2160 hiis
1249 2096 1343 2161 salua
1361 2097 1428 2162 fide

329 2199 454 2266 domini
477 2197 562 2281 regis
585 2197 669 2261 fiunt
694 2198 763 2262 siue
784 2199 817 2262 in
841 2198 970 2282 scriptis
992 2198 1063 2264 siue
1088 2199 1123 2263 in
1140 2201 1281 2284 receptis
1300 2202 1372 2267 siue
1394 2203 1427 2266 in

330 2302 425 2370 taleis
439 2302 510 2368 siue
525 2301 558 2364 in
575 2301 741 2384 expensis.

287 2427 318 2464 ιο
374 2381 560 2471 Mareseatli
591 2425 670 2469 cura
696 2413 746 2470 est
775 2403 880 2469 taleas
909 2403 1107 2487 debitorum,
1131 2427 1214 2490 quas
1244 2407 1427 2475 vicecomes

331 2509 518 2588 reddiderit,
533 2527 598 2590 que
611 2518 723 2572 tamen
739 2516 937 2573 annotantur
952 2507 985 2571 ln
1003 2508 1119 2586 rotulo,
1136 2511 1267 2576 mittere
1280 2533 1429 2577 seorsum

330 2613 363 2678 in
377 2612 485 2678 forulo
507 2633 578 2690 suo,
593 2611 704 2677 breuia
719 2633 852 2696 quoque
872 2613 960 2696 regia
975 2613 1018 2676 de
1037 2615 1267 2696 computandis
1281 2616 1333 2680 vel
1355 2636 1428 2700 per·

331 2717 495 2783 donandis
519 2717 572 2780 vel
596 2717 713 2781 dandis
733 2717 793 2782 hiis
822 2738 889 2800 que
911 2717 1088 2800 exiguntur
1114 2737 1135 2782 a
1160 2718 1351 2786 vicecomite
1370 2743 1430 2806 per

332 2821 629 2886 summonitionem.
675 2819 728 2885 Illi
757 2842 836 2885 vero
862 2819 968 2886 forulo
992 2821 1223 2904 superscriptio
1252 2825 1430 2890 comitatus

212 3005 216 3013 Ι
288 2926 424 2998 asculus
446 2923 507 2990 hec
528 2934 605 2990 sunt
627 2925 805 3010 apponitur
827 2933 861 2988 et
884 2923 1020 3008 singulis
1046 2925 1258 2992 comitatibus
1281 2929 1428 3012 singulos

331 3036 465 3112 oportet
500 3027 624 3093 forulos
663 3049 684 3092 a
712 3027 906 3093 vicecomite
935 3027 991 3110 qui
1028 3037 1201 3112 computat
1236 3031 1430 3097 marescallo

332 3132 519 3196 ministrari.

374 3235 573 3316 Darapulus.
619 3233 682 3299 Est
696 3234 751 3298 hic
764 3233 889 3318 aliquid
905 3234 997 3317 quod
1012 3254 1066 3299 me
1083 3245 1204 3301 mouet

376 3338 553 3421 Magister.
598 3337 690 3404 Satis
719 3339 874 3422 presensi.
930 3337 1064 3403 Sustine
1099 3348 1212 3404 tamen
1251 3343 1430 3424 modicum,

287 3463 321 3514 ³0
333 3441 433 3526 plana
456 3443 541 3506 enim
564 3453 660 3508 erunt
682 3441 792 3506 omnia
813 3463 858 3507 ex
881 3443 1166 3526 consequentibus.
1212 3444 1299 3510 ltem
1314 3449 1341 3512 si
1357 3449 1430 3532 quis

332 3545 463 3611 debitor
484 3566 550 3610 non
579 3543 779 3610 satisfaciens
800 3545 844 3611 de
875 3546 1132 3612 summonitione
1162 3549 1318 3615 meruerit
1339 3571 1430 3615 com·

333 3647 504 3732 prehendi,
518 3647 594 3712 huic
611 3648 752 3712 traditur
769 3649 966 3726 seruandus;
989 3658 1023 3713 et
1039 3649 1149 3716 soluto
1164 3653 1327 3716 scaccario
1344 3651 1430 3718 illius

333 3751 399 3815 diei
422 3753 450 3816 si
472 3749 613 3816 voluerit
640 3751 752 3816 mittet
775 3770 851 3815 eum
877 3752 910 3816 iu
932 3771 1095 3818 carcerem
1120 3755 1271 3819 custodie
1292 3755 1431 3838 publice,

334 3875 401 3919 non
416 3863 528 3920 tamen
542 3855 764 3920 vinculabitur
780 3855 834 3919 vel
849 3855 882 3918 in
899 3856 965 3920 ima
982 3858 1133 3922 trudetur
1146 3869 1197 3923 set
1215 3878 1361 3924 seorsum
1376 3859 1430 3924 vel

289 3979 320 4032 35
335 3975 434 4040 supra
452 3978 616 4024 carcerem
629 3978 638 4038 ;
660 3957 737 4023 licet
757 3959 846 4022 enim
861 3957 1021 4024 soluendo
1039 3979 1106 4024 non
1120 3959 1164 4024 sit
1178 3970 1291 4026 tamen
1306 3963 1351 4027 ob
1365 3961 1429 4026 hoc

373 4138 396 4192 1,
408 4139 424 4179 2
443 4127 564 4182 officium
576 4127 636 4184 eius
648 4127 685 4182 N
741 4141 772 4182 12
792 4137 820 4182 et
832 4125 907 4183 idem
919 4129 993 4184 nolle
1004 4145 1057 4182 one.
1070 4130 1098 4183 R
1150 4142 1182 4184 21
1203 4146 1257 4200 que
1269 4139 1363 4186 tamen
1376 4147 1430 4186 om.

335 4195 363 4252 R
371 4200 574 4277 pervasurum
628 4213 661 4268 23
680 4197 824 4268 exigentur
834 4199 863 4253 R
915 4213 949 4270 32
967 4197 1008 4271 et]
1026 4199 1112 4256 etiam
1123 4199 1158 4254 N
1208 4213 1242 4270 33
1261 4201 1388 4258 mittetur
1399 4202 1436 4258 N

335 4269 774 4336 341n1maNcorr.:a1maN
1144 4287 1146 4295 ’
