3228 4868
173 255 298 361 rus]
546 257 614 339 os
637 271 909 343 scaccruuo
1234 290 1273 361 71

174 465 289 508 verum
304 443 369 510 hoc
386 441 490 510 habet
504 435 649 509 officium
665 444 746 510 durn
764 443 885 511 residet
900 443 944 512 ad
959 446 1170 514 scaccarium.
1214 447 1274 514 Ad

175 548 287 633 ipsum
302 548 445 631 pertinet
459 548 612 614 custodia
622 547 721 634 sigilli
732 549 824 633 regii,
835 551 927 632 quod
938 560 989 615 est
1004 551 1036 616 in
1052 551 1209 617 thesauro
1223 561 1276 618 set

174 654 252 718 inde
267 673 336 717 non
353 651 477 718 recedit
497 650 559 716 nisi
576 672 662 732 cum,
676 663 835 738 precepto
853 653 986 732 iustitie,
1001 655 1045 720 ab
1065 654 1214 722 inferiore
1230 655 1275 721 ad

175 757 328 841 superius
342 755 541 822 scaccarium
557 775 578 820 a
592 755 796 822 thesaurario
810 755 863 824 vel
878 757 1057 823 camerario
1072 758 1218 823 defertur
1231 759 1275 825 ad

175 859 345 946 explenda
374 860 484 924 solum
514 859 653 942 negocia
681 859 845 926 scaccarii.
905 859 1037 945 Quibus
1069 861 1211 944 peractis
1240 859 1303 942 in5

176 965 325 1030 loculum
340 963 483 1028 mittitur
498 971 532 1028 ct
552 960 679 1027 loculus
699 983 721 1028 a
737 963 931 1030 cancellario
950 965 1162 1050 consiguatur
1179 975 1213 1030 et
1228 964 1311 1030 sicu

176 1067 383 1134 thesaurario
397 1066 539 1133 traditur
553 1065 808 1148 custodiendus3
829 1069 911 1133 item
929 1089 1005 1132 cum
1026 1089 1161 1135 necesse
1178 1067 1276 1134 suerit

176 1173 328 1256 signatus
350 1171 413 1236 sub
436 1171 584 1236 omnium
607 1169 712 1235 oculis
734 1171 929 1237 cancellario
944 1170 1082 1238 offertur
1103 1192 1275 1256 nunquam

177 1273 222 1339 ab
239 1275 313 1358 ipso
323 1273 376 1339 vel
391 1275 436 1341 ab
447 1275 512 1340 alio
525 1273 608 1338 alias
619 1274 810 1340 efferendus
857 1275 943 1341 Item
955 1276 999 1342 ad
1011 1277 1120 1360 ipsum
1133 1277 1276 1361 pertinet

177 1379 276 1444 rotuli
292 1379 350 1462 qui
372 1389 423 1445 est
445 1379 489 1445 de
507 1377 703 1444 cancellaria
724 1377 876 1444 custodia
897 1399 956 1462 per
975 1381 1181 1464 suppositam
1200 1399 1275 1465 per·
1290 1401 1321 1441 10

177 1503 304 1548 sonam.
349 1483 403 1562 Et,
421 1483 507 1549 sicut
521 1483 598 1549 viris
613 1483 742 1568 magnis
755 1484 863 1548 visum
875 1491 935 1562 est,
947 1483 991 1548 de
1006 1484 1098 1548 omni
1113 1483 1276 1569 scriptura

178 1587 277 1652 rotuli
306 1587 519 1653 cancellarius
545 1607 629 1671 eque
654 1595 787 1652 tenetur
815 1597 852 1653 vt
881 1587 1106 1652 thesaurarius
1132 1595 1276 1672 excepto

178 1693 358 1758 dumtaxat
377 1692 420 1757 de
439 1692 505 1758 hoc
526 1692 618 1774 quod
640 1691 792 1757 scribitur
814 1691 865 1755 ‘in
886 1688 1062 1756 thesauro’
1084 1699 1276 1775 receptum;

178 1795 255 1862 licet
271 1796 357 1861 enim
372 1816 438 1860 non
458 1794 639 1878 prescribat
658 1803 694 1859 vt
713 1795 941 1874 thesaurarius,
956 1794 1133 1861 conscribit
1153 1804 1276 1872 tamen,

179 1910 214 1965 ct
238 1899 265 1964 si
290 1899 345 1964 ille
368 1900 524 1965 errauerit
545 1898 623 1964 licet
645 1897 707 1983 ipsi
728 1899 781 1964 vel
803 1899 922 1962 clerico
944 1897 1014 1963 eius
1035 1897 1275 1964 thesaurarium
1290 1918 1321 1972 1⁵

180 2022 256 2069 cum
277 2003 441 2068 modestia
463 2004 625 2088 corripere
645 2002 777 2088 etquid
799 2002 929 2078 debeat,
944 2021 1128 2085 suggerere.
1174 2001 1276 2085 Quod

179 2107 207 2171 si
235 2107 455 2172 thesaurarius
481 2107 742 2191 perseuerauerit
767 2115 802 2172 et
831 2115 959 2171 mutare
984 2105 1127 2171 noluerit
1153 2107 1276 2189 poterit

179 2232 266 2292 eum,
290 2213 318 2276 si
348 2212 391 2276 de
420 2221 515 2294 parte
543 2231 604 2277 sua
629 2209 766 2276 confidit
794 2217 933 2284 tantum,
960 2215 1071 2274 coram
1096 2209 1275 2278 baronibus

178 2335 316 2399 arguere
333 2323 370 2380 vt
384 2315 428 2380 ab
443 2314 489 2380 eis
503 2313 583 2398 quid
599 2311 669 2380 fieri
683 2316 805 2380 debeat
818 2312 989 2379 iudicetur.
1104 2394 1113 2412 ν

222 2419 420 2503 Discipulos.
465 2417 546 2483 Veri
572 2417 680 2484 simile
707 2419 808 2484 etiarn
834 2417 963 2482 videtur
990 2415 1163 2483 custodem
1187 2415 1275 2483 tertii
1289 2442 1322 2478 ιο

180 2523 279 2592 rotuli
294 2523 412 2588 cadem
427 2521 588 2606 scripture
602 2520 676 2604 lege
689 2521 882 2606 constringi.

224 2627 399 2711 Magister.
445 2625 522 2691 Non
539 2633 591 2689 est
610 2622 804 2690 verisimile
824 2633 955 2689 tanturn
975 2633 1026 2690 set
1042 2644 1167 2690 verum.
1213 2623 1277 2687 Par

181 2731 268 2798 enirn
290 2741 342 2796 est
362 2730 542 2796 auctoritas
564 2728 651 2794 illius
672 2730 805 2795 duobus
827 2728 941 2794 rotulis
968 2729 1093 2793 ratione
1115 2727 1276 2810 scripture

179 2835 258 2920 quia
272 2837 319 2899 sic
334 2835 459 2918 placuit
473 2835 544 2898 eius
558 2833 692 2898 auctori.

225 2936 468 3005 Constabularii
491 2937 635 3003 officium
657 2935 770 3001 estad
793 2935 994 3003 scaccarium
1015 2945 1053 3002 vt
1071 2935 1105 3000 in
1120 2933 1275 3000 breuibus
1289 2919 1320 3012 '25

179 3045 267 3128 regis
281 3046 323 3110 de
349 3042 442 3108 exitu
459 3039 612 3120 thesauri,
625 3039 679 3106 vel
701 3041 745 3106 de
765 3039 930 3124 aliquibus
953 3039 1186 3124 computandis
1211 3037 1275 3104 hiis

179 3149 238 3232 qui
253 3154 446 3230 compotum
464 3143 596 3222 iaciunt,
611 3141 710 3208 simul
730 3163 806 3208 cum
826 3143 1014 3227 presidente
1033 3143 1128 3207 testis
1143 3141 1275 3208 existat.
1288 3157 1310 3208 F

180 3252 221 3316 In
242 3251 395 3316 omnibus
417 3249 505 3313 enim
527 3247 717 3312 huiusmodi
738 3248 896 3312 breuibus
919 3268 964 3311 ex
986 3248 1122 3330 antiqua
1144 3245 1275 3312 institu-

179 3357 269 3422 tione
284 3355 368 3419 duos
387 3361 518 3436 oportet
534 3351 697 3418 conscribi
714 3361 826 3416 testes.
873 3351 958 3415 Item
977 3351 1047 3414 eius
1065 3349 1210 3416 officium
1225 3358 1277 3414 est

179 3470 216 3525 vt
242 3479 317 3522 cum
339 3459 383 3522 ad
404 3455 604 3522 scaccarium
626 3455 830 3539 stipendiarii
852 3455 939 3538 regis
960 3455 1110 3520 venerint
1132 3475 1193 3536 pro
1215 3453 1274 3520 sti·
1290 3485 1322 3538 30

180 3563 309 3648 pendiis
330 3561 398 3626 suis
421 3560 491 3624 siue
516 3560 583 3625 sint
605 3558 784 3624 residentes
804 3559 838 3622 in
863 3559 978 3624 castris
1000 3559 1085 3641 regis
1107 3559 1178 3623 siue
1200 3577 1275 3636 uon,

180 3675 351 3750 assumpto
372 3683 484 3729 secum
506 3661 626 3729 clerico
652 3661 905 3743 constabulario,
930 3662 1023 3726 cuius
1046 3670 1096 3726 est
1117 3659 1277 3726 terminos

180 3791 295 3838 eorum
332 3787 437 3848 nosse,
466 3776 500 3832 et
530 3764 724 3833 marescallo
759 3766 922 3844 scaccarii,
953 3775 1124 3850 computet
1160 3783 1276 3828 eorum

117 3925 124 3934 .
179 3875 392 3941 liberationes
417 3881 452 3938 et
481 3871 525 3938 de
554 3871 703 3936 retractis
733 3869 833 3935 fidem
863 3869 1019 3952 suscipiat
1046 3879 1080 3933 et
1107 3867 1276 3932 residuum

179 3979 264 4045 solui
294 3976 404 4042 iaciat.
460 3973 579 4041 Omnis
608 3974 696 4042 enirn
725 3971 878 4039 liberatio
905 3991 1178 4055 quorumcunque
1206 3971 1276 4037 siue
1290 4001 1321 4055 ³5

215 4181 231 4252 ξ
245 4165 366 4252 Quibus]
376 4165 544 4238 QuilibetN
579 4175 709 4237 peractus
720 4164 749 4218 R
773 4235 780 4250 ·
802 4177 819 4233 9
832 4161 989 4219 offerendus
1003 4164 1029 4217 R
1055 4177 1099 4245 '14
1112 4159 1275 4246 conscribit]

177 4241 347 4384 {cuffilgc
365 4235 573 4381 lgeriltogirJin
584 4234 1078 4379 cstiggfflsffiroggdffls
1089 4235 1279 4376 §satiauit-¹
1298 4313 1302 4320 ⁴
