3228 4868
188 281 223 344 li
237 263 326 366 xvii]
563 277 630 344 DE
654 274 928 346 SCACCARIO
1232 299 1294 367 149

192 451 358 534 exigatur,
389 457 423 516 et
452 453 495 516 ne
524 451 555 516 ei
586 463 685 536 super
714 450 832 517 eodem
865 450 1065 534 respondeat
1097 454 1297 520 auctoritate

193 555 325 637 publice
348 556 525 638 potestatis
547 555 744 621 inhibeatur.

236 657 322 723 Item
341 659 368 722 si
386 658 518 724 debitor
537 679 558 724 a
576 668 739 742 tempore,
754 679 822 741 quo
836 661 906 744 regi
921 658 1026 724 teneri
1040 661 1139 744 cepit,
1154 659 1293 726 fundum
1305 661 1367 720 xvi

186 777 287 826 suum
309 761 363 827 vel
386 761 553 828 redditum
579 762 636 827 alii
660 762 828 839 locauerit,
849 761 902 826 vel
928 763 1048 847 pignus
1072 783 1132 846 pro
1155 767 1296 847 pecunia

191 865 331 946 dederit,
359 865 412 932 vel
441 866 552 946 etiam,
581 866 672 949 quod
702 865 881 931 absurdum
913 867 977 930 tibi
1005 866 1089 931 forte
1118 868 1323 948 videbitur,5

191 969 377 1036 dominium
401 971 472 1036 eius
497 990 556 1053 per
577 970 804 1035 venditionem
826 991 848 1034 a
868 990 905 1034 se
926 970 1140 1046 transtulerit,
1161 973 1190 1035 si
1213 972 1295 1036 alias

191 1074 330 1138 inuenta
349 1093 416 1140 non
436 1083 516 1139 sunt
536 1093 675 1158 perque
696 1075 765 1156 regi
779 1072 928 1150 satisfiat,
944 1093 1139 1158 quecunque
1154 1095 1295 1158 persona

190 1177 298 1256 suerit,
313 1197 511 1262 quocunque
525 1177 624 1243 titulo
638 1178 879 1260 possessionem
899 1185 1016 1242 nactus
1035 1177 1140 1255 fuerit,
1156 1179 1294 1244 nichilo·

190 1281 300 1348 minus
318 1301 365 1345 ex
385 1281 503 1346 eadem
522 1280 613 1366 quod
633 1281 677 1346 ad
699 1299 812 1366 regern
832 1281 976 1364 pertinet
995 1282 1185 1365 accipietur,
1201 1281 1295 1348 salua

191 1386 327 1451 domino
343 1385 556 1470 proprietate,
571 1384 629 1468 qui
652 1385 740 1452 iusto
761 1404 835 1450 earn
855 1384 954 1450 titulo
971 1387 1097 1468 ceperit
1116 1386 1293 1470 possidere,
1307 1405 1340 1442 ιο

189 1488 251 1552 nisi
265 1487 351 1553 sorte
371 1489 501 1553 debitor
515 1486 574 1571 ille
592 1487 687 1552 fundi
703 1489 829 1553 venditi
850 1488 993 1572 pretium
1008 1489 1052 1554 ab
1067 1490 1159 1554 initio
1174 1499 1294 1574 sponte

190 1593 261 1676 regi
284 1591 429 1658 soluerit.
474 1591 570 1657 Tunc
591 1592 680 1657 enim
702 1599 777 1657 tuta
797 1591 860 1656 erit
882 1607 982 1674 penes
1006 1601 1190 1678 emptorem
1214 1614 1294 1678 pos-

189 1697 302 1762 sessio.
347 1695 457 1760 Huius
471 1703 585 1762 autem
600 1695 647 1760 rei
662 1713 806 1774 causam,
822 1694 900 1761 licet
917 1695 1058 1761 distorta
1075 1696 1243 1762 modicum
1258 1705 1294 1762 et

189 1799 279 1884 regie
301 1807 434 1864 tantum
454 1799 591 1866 utilitati
615 1799 762 1865 seruiens
781 1799 943 1876 videatur,
965 1799 1154 1865 euidentem
1179 1808 1293 1866 tamen

185 1913 224 1971 et
238 1903 319 1969 satis
333 1905 454 1970 iustam
469 1904 650 1969 secuudum
664 1903 788 1986 patrias
803 1901 894 1986 leges
907 1902 1151 1986 comprobabis.
1193 1903 1292 1986 Quis·
1307 1923 1337 1976 15

189 2007 265 2090 quis
286 2007 376 2071 enim
398 2006 433 2072 in
454 2006 580 2092 regiam
602 2007 810 2072 maiestatem
830 2005 1007 2089 deliquisse
1024 2006 1292 2090 deprehenditur,

188 2132 253 2176 vno
272 2113 375 2179 trium
395 2111 571 2177 modorum
592 2113 688 2176 iuxta
705 2110 900 2196 qualitatem
921 2111 1033 2177 delicti
1051 2111 1103 2174 sui
1122 2111 1192 2194 regi
1213 2130 1293 2175 con·

188 2217 396 2299 dempnatur,
413 2224 471 2281 aut
485 2216 578 2281 enim
599 2217 632 2282 in
650 2217 800 2280 uniuerso
820 2214 936 2280 mobili
953 2235 1017 2280 sno
1035 2235 1110 2279 reus
1127 2214 1292 2280 iudicatur

187 2338 250 2401 pro
272 2318 454 2384 minoribus
475 2319 592 2404 culpis,
612 2329 672 2385 aut
694 2319 728 2383 in
751 2319 907 2386 omnibus
926 2317 1163 2399 immobilibus,
1182 2317 1294 2384 lundis

187 2420 312 2488 scilicet
345 2433 379 2489 et
411 2423 601 2504 redditibus,
631 2431 668 2488 ut
699 2423 748 2488 eis
777 2421 1011 2504 exheredetur,
1037 2421 1129 2506 quod
1162 2420 1201 2488 fit
1229 2442 1291 2505 pro
1305 2445 1337 2481 πο

187 2525 368 2600 maioribus
386 2525 503 2610 culpis,
516 2536 576 2592 aut
597 2545 658 2610 pro
681 2525 837 2591 maximis
857 2527 1107 2610 quibuscunque
1122 2523 1174 2590 vel
1196 2545 1290 2589 enor-

188 2631 297 2695 mibus
319 2628 454 2710 delictis,
483 2629 518 2694 in
547 2630 651 2695 vitam
675 2650 774 2694 suam
796 2627 851 2695 vel
873 2629 1032 2696 membra.
1077 2627 1162 2694 Cum
1190 2628 1293 2712 igitur¹

188 2732 305 2816 aliquis
324 2735 367 2798 de
384 2733 562 2800 mobilibus
582 2734 616 2799 in
636 2733 844 2818 beneplacito
862 2733 950 2816 regis
971 2733 1141 2808 iudicatur,
1163 2729 1232 2798 lata
1255 2733 1290 2798 in

187 2857 264 2902 eum
293 2857 314 2902 a
341 2837 504 2902 iudicibus
530 2837 697 2904 sententia
729 2857 789 2922 per
817 2836 879 2902 hec
905 2837 1019 2915 verba,
1050 2835 1139 2901 ‘Iste
1170 2844 1221 2900 est
1254 2837 1287 2900 in

186 2940 410 3006 misericordia
429 2943 517 3024 regis
536 2941 580 3007 de
600 2941 740 3025 pecunia
758 2937 836 3023 sua,’
853 2941 942 3006 idem
958 2948 1009 3004 est
1023 2959 1063 3004 ac
1077 2939 1106 3004 si
1120 2938 1183 3005 ‘de
1196 2937 1287 3004 tota’
1302 2957 1336 3010 ²5

185 3045 349 3112 dixissent
361 3067 370 3127 ;
403 3044 564 3112 laicorum
587 3045 676 3111 enim
705 3043 874 3110 indefinite
899 3063 967 3110 non
990 3042 1053 3122 his,
1079 3063 1141 3127 pro
1168 3043 1290 3128 quibus

185 3149 290 3215 tutius
314 3157 365 3215 est
396 3169 453 3214 eas
476 3149 592 3233 accipi,
616 3149 682 3215 hoc
707 3159 757 3214 est
783 3146 1045 3233 particularibus,
1069 3147 1129 3212 sed
1158 3167 1289 3231 semper

185 3252 425 3320 vniuersalibus
447 3252 660 3338 equipollent
703 3252 791 3320 Cum
814 3251 912 3335 igitur
933 3249 1026 3316 fundi
1048 3250 1135 3316 illius
1157 3251 1288 3331 catalla,

185 3376 285 3439 quem
305 3356 437 3422 debitor
455 3365 533 3442 post
553 3355 719 3437 distraxit,
734 3357 769 3420 in
784 3354 995 3438 beneplacito
1016 3355 1174 3440 principis
1193 3355 1288 3420 adiu-

184 3461 296 3526 dicata
314 3460 452 3527 fuissent
471 3469 506 3527 et
526 3461 597 3546 ipse
616 3461 660 3526 de
677 3459 837 3544 ,requisita
855 3479 986 3525 summa
1002 3480 1069 3524 non
1085 3457 1288 3540 satisfecerit,
1300 3473 1334 3524 ³0

184 3565 289 3629 videri
311 3575 424 3650 potest
444 3564 601 3631 iniustum
621 3574 660 3631 vt
681 3583 751 3628 rem
773 3582 841 3628 non
863 3582 958 3628 suam
980 3563 1014 3627 in
1036 3561 1106 3628 fisci
1125 3562 1287 3628 iacturam

183 3667 387 3735 alienauerit.

228 3771 316 3836 Item
330 3771 560 3839 admonendus
575 3781 626 3839 est
639 3773 824 3838 vicecomes
838 3778 975 3855 propter
989 3768 1067 3836 fidei
1083 3769 1285 3855 religionem,
1297 3781 1372 3841 xvii

183 3877 276 3958 quod
291 3876 335 3942 ab
351 3877 424 3962 ipso
438 3877 482 3943 de
498 3895 567 3942 non
586 3875 789 3942 soluentibus
809 3873 965 3958 exigitur,
979 3873 1081 3938 immo
1096 3893 1198 3957 quarn
1213 3873 1288 3958 ipse

218 4093 587 4176 3regiquotemporeN·
691 4091 951 4177 esuum1illnmc
1077 4093 1285 4165 §absurdusC

181 4167 377 4248 9UexedemR
448 4179 483 4222 ιο
493 4171 664 4237 proprietate
672 4163 831 4247 dommoR
903 4177 936 4248 ι]
954 4165 1115 4222 vnooncR
1187 4165 1289 4293 nobit&

183 4238 290 4378 :¹915lue
304 4235 535 4365 grprooncdi
597 4234 798 4292 andilectrsR
860 4233 1030 4308 23rn]etR
1091 4249 1239 4310 syncoepr
