3228 4868
312 309 378 378 114
680 293 747 361 DE
770 287 1044 363 SCACCARIO
1301 279 1345 386 [11
1361 297 1370 361 l
1386 313 1409 362 c

310 471 346 532 et
362 466 427 533 hiis
441 466 567 534 mxatis
586 487 608 533 a
627 465 806 533 maioribus
823 464 856 531 in
871 463 1185 532 summonitionibus
1199 475 1408 534 annotantur.

309 569 442 654 Quibus
466 591 526 656 per
550 571 700 638 ordinem
726 570 863 656 digestis
892 570 1088 637 terminatur
1111 571 1326 638 summonitio
1348 593 1409 656 per

308 669 370 739 hec
381 674 482 740 verba
497 681 548 740 ‘et
559 674 620 740 hec
632 674 745 740 omnia
755 685 867 741 tecum
879 673 1003 740 habeas
1017 675 1050 740 in
1062 675 1205 742 denariis
1215 685 1250 742 ct
1261 675 1363 742 talliis
1373 689 1408 741 et

308 777 466 844 breuibus
480 787 516 844 et
536 777 725 862 quietantiis
743 778 798 844 vel
818 778 991 863 capientur
1009 780 1053 844 de
1073 777 1169 845 firma
1190 789 1259 845 tua.
1305 779 1409 845 Teste

278 879 497 961 slllovelillo
507 881 553 948 ibi
562 882 606 947 ad
617 877 837 948 scaccarium?
871 878 1035 973 [Fuerunt
1043 891 1158 949 tamen
1168 883 1225 966 qui
1236 881 1409 948 crederent

308 985 487 1051 dicendum
502 985 535 1049 in
550 985 704 1068 denariis,
714 983 768 1050 vel
778 984 887 1064 talliis,
897 985 950 1051 vel
962 985 1129 1066 breuibus,
1139 985 1192 1050 vel
1206 986 1408 1069 quietantiis,

307 1107 375 1153 non
406 1087 631 1173 intelligentes
654 1087 772 1170 †vel†
802 1088 1003 1172 quandoque
1027 1088 1288 1155 subdisiunctiue
1317 1090 1408 1174 poni.

308 1187 485 1276 Superflua
499 1201 612 1258 tamen
623 1201 674 1258 est
689 1191 879 1258 huiusmodi
893 1191 937 1258 de
952 1191 1061 1258 verbis
1075 1193 1249 1258 eontentio
1269 1211 1347 1258 cum
1362 1193 1407 1258 de

306 1313 423 1362 eorum
438 1295 607 1361 intellectu
617 1294 812 1368 constiterit.
857 1295 938 1362 Siue
958 1295 1048 1362 enim
1063 1296 1188 1362 dixeris
1203 1296 1256 1361 ‘in
1265 1293 1408 1362 denariis

263 1419 295 1462 ro
307 1399 361 1464 vel
378 1398 534 1464 breuibus
558 1399 611 1465 vel
626 1397 835 1483 quietantiis’
859 1399 913 1466 vel
928 1399 983 1464 ‘in
997 1399 1141 1466 denariis
1155 1408 1190 1465 et
1200 1399 1359 1466 breuibus
1373 1411 1408 1464 et

306 1501 515 1586 quietantiis,’
538 1502 627 1568 idem
644 1513 696 1569 est
715 1502 911 1583 intellectus,
925 1512 963 1568 vt
979 1502 1104 1570 scilicet
1122 1503 1156 1567 in
1173 1502 1237 1567 hiis
1253 1501 1409 1569 omnibus

306 1605 360 1672 vel
382 1627 496 1672 eorum
517 1605 683 1691 aliquibus
703 1606 843 1672 satisfiat
863 1607 905 1673 de
924 1607 1072 1692 hiisque
1093 1608 1127 1672 in
1150 1608 1410 1674 summonitione

229 1711 233 1722 '
306 1705 539 1798 continemus]
586 1711 750 1790 Preterea,
761 1711 841 1796 quia
849 1711 946 1776 nouis
958 1712 1083 1777 morbis
1094 1729 1153 1795 per
1162 1731 1250 1776 noua
1262 1711 1409 1777 remedia

306 1814 403 1881 decet
416 1813 592 1893 subueniri,
606 1815 760 1880 additum
779 1814 842 1880 luit
861 1813 896 1878 in
916 1813 1229 1882 summonitionibus
1249 1814 1314 1881 boc
1329 1817 1409 1880 sub·

262 1939 293 1996 tr
307 1920 468 2004 scriptum
494 1939 540 1984 ex
566 1917 697 1985 nouella
722 1919 966 1996 constitutione,
989 1919 1054 1985 boc
1079 1929 1130 1985 est
1151 1928 1229 2004 post
1254 1930 1409 2004 tempora

306 2023 394 2106 regis
410 2021 544 2088 Henrici
561 2023 669 2106 primi,
690 2021 812 2106 ‘Quod
829 2023 858 2088 si
872 2022 958 2088 sorte
972 2024 1016 2089 de
1033 2022 1170 2089 alicuius
1185 2023 1303 2088 debito
1317 2041 1409 2087 surn-

308 2125 454 2191 monitus
469 2147 504 2190 es
526 2127 584 2209 qui
601 2135 723 2193 terram
743 2125 796 2190 vel
810 2124 931 2192 catalla
950 2145 1018 2192 non
1036 2125 1138 2192 babet
1156 2126 1190 2192 iu
1209 2125 1323 2192 baillia
1341 2135 1410 2204 tua,

309 2239 344 2294 et
359 2229 490 2294 noueris
502 2231 535 2294 in
546 2231 639 2296 cuius
649 2229 763 2295 baillia
773 2228 827 2294 vel
841 2229 1001 2296 comitatu
1016 2229 1180 2309 habuerit,
1190 2238 1227 2296 tu
1239 2231 1309 2312 ipse
1320 2231 1409 2296 vice-

308 2333 424 2399 comiti
440 2331 496 2413 illi,
506 2331 560 2398 vel
580 2334 713 2412 balliuo,
730 2353 790 2418 per
810 2335 910 2400 breue
923 2343 1021 2400 tuum
1032 2333 1096 2399 hoc
1111 2334 1220 2418 ipsum
1236 2331 1411 2419 significes,

262 2459 296 2500 ao
309 2435 478 2502 deferente
502 2435 583 2504 illud
608 2437 721 2521 aliquo
745 2459 766 2504 a
796 2447 830 2504 te
854 2435 966 2519 misso,
992 2438 1050 2520 qui
1076 2439 1106 2503 ei
1130 2440 1231 2504 breue
1252 2425 1349 2504 tuum
1375 2439 1410 2502 in

267 2552 294 2604 1>
309 2541 480 2619 comitatu,
493 2541 522 2606 si
544 2549 665 2628 potest,
679 2541 734 2607 vel
756 2561 868 2607 coram
891 2541 1041 2627 pluribus
1063 2539 1201 2609 liberet?
1247 2541 1322 2608 Hec
1344 2562 1410 2625 que

308 2645 518 2731 prediximus
541 2663 710 2731 apponere
731 2645 908 2712 ridiculosa
928 2645 1010 2712 satis
1034 2655 1068 2711 et
1089 2645 1303 2730 dispendiosa
1327 2666 1411 2729 quo·

308 2749 450 2816 tundam
478 2749 680 2833 subterfugia
704 2749 949 2834 compulerunt.
994 2747 1139 2836 Cognito
1169 2751 1259 2816 enirn
1289 2751 1410 2832 quibus

310 2853 540 2919 determinatis
549 2853 756 2937 temporibus
766 2853 1042 2920 summonitiones
1058 2855 1304 2933 emittebantur,
1316 2865 1410 2920 ante·

264 2980 297 3033 as
310 2978 412 3042 quarn
427 2957 630 3041 peruenisset
645 2957 689 3022 ad
704 2959 899 3026 comitatum
917 2959 1133 3025 summonitio
1150 2959 1193 3024 de
1208 2957 1325 3024 debito
1339 2977 1411 3036 suo,

309 3061 461 3128 vacuatis
480 3060 606 3127 horreis
625 3069 659 3127 et
677 3062 826 3145 pecuniis
848 3061 915 3128 suis
937 3082 1136 3146 quocunque
1160 3062 1224 3127 sibi
1245 3063 1411 3127 distractis

309 3163 365 3230 vel
390 3165 434 3229 ad
458 3165 531 3230 loca
555 3173 631 3230 tuta
656 3165 832 3244 translatis,
858 3185 982 3231 vacuus
1005 3167 1038 3230 in
1060 3167 1164 3232 domo
1188 3185 1248 3230 sua
1266 3165 1412 3230 residens

310 3269 513 3334 vicecomitis
541 3277 575 3334 et
606 3278 790 3334 ceterorum
820 3269 1009 3334 officialium
1042 3288 1177 3335 securus
1210 3270 1410 3354 expectabat

311 3373 504 3452 aduentum,
520 3381 554 3437 et
573 3369 636 3436 bac
656 3381 729 3436 arte
750 3371 899 3457 plurimis
916 3372 1012 3438 annis
1032 3373 1123 3456 regie
1141 3373 1411 3438 summonitionis

265 3501 300 3552 30
311 3476 492 3541 auctoritas
514 3495 580 3541 non
601 3477 673 3541 sine
697 3475 873 3560 dispendio
894 3477 1069 3542 videbatur
1091 3477 1198 3542 illudi.
1243 3475 1306 3542 Ille
1325 3477 1411 3541 enim

311 3580 356 3646 ad
378 3599 478 3662 quem
500 3599 576 3644 cum
595 3579 806 3646 facultatibus
828 3581 904 3661 suis,
927 3589 1036 3646 metus
1055 3579 1153 3646 huius
1172 3601 1281 3659 causa,
1303 3589 1411 3644 bans-

312 3683 404 3763 ierat,
419 3703 495 3749 cum
511 3684 589 3749 inde
604 3683 799 3748 mandatum
820 3703 887 3748 non
902 3684 1048 3764 haberet,
1060 3683 1093 3749 in
1109 3703 1160 3748 res
1183 3703 1259 3749 suas
1275 3703 1410 3748 manum

312 3789 445 3856 mittere
473 3807 539 3853 non
568 3789 792 3872 presumebat
849 3787 926 3860 Hac
955 3807 1035 3871 ergo
1061 3787 1323 3854 consideratione
1352 3807 1412 3871 per

348 3957 425 4113 sin]
438 3959 506 4015 etR
576 3971 645 4028 5-13
664 3958 829 4014 Fuerunt..
840 3958 1040 4014 continentur
1050 3957 1214 4013 seclusimus
1283 3957 1412 4014 8buius-

573 4029 1412 4172 ,lan

314 4171 346 4226 18
359 4174 428 4254 ost
440 4171 650 4228 vicecomiti
686 4173 780 4254 queC
887 4185 922 4226 aa
939 4171 1111 4243 predicunus
1123 4172 1182 4226 NR
1288 4185 1323 4238 24
1342 4180 1413 4226 tern-

310 4174 426 4313 poribus
437 4259 489 4298 om
501 4242 561 4299 NR
649 4243 684 4298 26
702 4241 884 4298 districtisN
965 4239 1193 4314 27tuta1suaC
1279 4239 1414 4298 vacuisR

310 4327 347 4383 30
363 4310 448 4369 ellndi
461 4313 497 4369 Ν
571 4325 604 4382 31
625 4329 712 4370 causa
723 4313 850 4371 Medon:
868 4312 1040 4423 musecodd
