3228 4868
350 291 413 362 152
718 237 1084 347 onseaccaiii'o
1334 275 1454 364 [nxx

346 449 496 528 consilio,
511 449 654 534 grauius,
667 451 726 534 qui
747 451 796 515 sic
816 451 966 534 deliquit,
987 449 1152 533 puniatur.
1195 448 1299 533 Quod
1321 449 1350 517 si
1370 461 1450 535 post

346 565 613 621 consiimmatum
633 565 827 639 compotum
848 555 1053 620 vicecomitis
1077 553 1129 620 sui
1150 554 1279 620 venerit
1299 564 1335 620 et
1352 555 1450 620 satis-

347 657 472 733 fecerit,
487 657 532 722 de
544 658 762 723 assidentium
777 658 886 742 gratia
898 668 934 723 et
947 658 992 722 de
1004 657 1090 741 legis
1103 657 1310 742 indulgentia
1325 660 1451 742 poterit

348 762 487 828 absolui.
530 761 656 828 Vemm
682 781 816 828 necesse
838 773 891 826 est
913 772 952 828 vt
979 763 1166 827 vicecomes
1190 760 1292 826 fidem
1317 763 1389 828 eius
1413 764 1448 827 in

319 867 511 946 scomitatu
529 866 592 931 sub
613 865 766 930 omnium
789 865 895 930 oculis
919 865 1089 949 suscipiat,
1110 863 1199 948 quia,
1225 867 1253 930 si
1280 863 1366 930 forte
1390 869 1449 949 qui

347 971 488 1046 dederit,
500 969 616 1034 volens
635 969 818 1054 malignari,
836 970 952 1034 datam
973 969 1107 1035 infitiari
1120 968 1273 1045 voluerit,
1287 969 1449 1036 aduersus

347 1093 424 1140 eum
439 1075 483 1139 ad
502 1093 638 1138 omnem
656 1071 862 1156 probationis
880 1092 1047 1138 simmam
1066 1072 1252 1138 recordatio
1271 1074 1449 1139 comitatus

347 1177 494 1242 sufficiet
538 1175 694 1260 Quodsi
720 1175 803 1241 alias
831 1176 896 1242 sibi
921 1176 1038 1241 datam
1062 1175 1248 1242 vicecomes
1277 1176 1448 1244 confessus

347 1278 454 1360 fuerit,
465 1279 512 1344 nil
526 1280 634 1362 egisse
643 1280 850 1358 iudicabitur,
859 1282 950 1346 vnde
964 1299 1046 1346 mox
1057 1280 1100 1345 de
1111 1277 1207 1344 firma
1217 1299 1278 1345 sua
1289 1281 1447 1364 requisita

304 1409 335 1448 ie
348 1405 480 1450 sumnia
508 1385 666 1467 capietur,
688 1393 727 1450 vt
755 1384 1006 1450 summonitioni
1031 1382 1173 1450 satisfiat
1202 1383 1239 1450 in
1266 1383 1331 1448 bac
1353 1395 1449 1470 parte

348 1488 471 1554 dicenti
485 1493 493 1522 ⁶
505 1487 558 1554 vel
573 1487 747 1572 capientur
759 1489 803 1553 de
817 1487 913 1552 firma
926 1484 1005 1553 tua'

275 1565 337 1697 *ᾗ
393 1592 432 1660 Si
446 1613 526 1658 vero
544 1592 602 1675 qui
616 1589 717 1656 fidem
731 1611 768 1656 se
787 1591 920 1658 dedisse
936 1611 1004 1656 non
1024 1591 1192 1671 diffitetur,
1206 1591 1262 1656 die
1278 1592 1449 1658 nominata

348 1698 474 1762 venerit
505 1715 565 1760 nec
599 1693 803 1771 satisfecerit,
833 1695 863 1761 si
892 1695 1049 1760 dominus
1078 1704 1140 1775 est,
1167 1697 1212 1760 ad
1248 1696 1449 1761 scaccarium

346 1801 508 1886 quamdiu
523 1798 644 1864 sederit
660 1797 870 1876 detinebitur,
884 1798 952 1864 fide
973 1801 1054 1865 data
1074 1799 1108 1862 iu
1130 1819 1231 1864 manu
1254 1799 1449 1875 marescalli,

303 1925 333 1978 ιε
347 1905 433 1971 sicut
458 1903 737 1988 supradiximus,
761 1902 853 1986 quod
879 1922 901 1966 a
929 1901 1061 1986 leugata
1084 1902 1174 1980 ville,
1198 1903 1262 1968 nisi
1284 1903 1448 1970 baronum

348 2007 491 2086 licentia,
505 2026 573 2072 non
588 2006 730 2070 recedet.
775 2004 896 2071 Soluto
914 2025 994 2070 vero
1015 2005 1180 2072 scaccario
1202 2005 1290 2071 illius
1306 2007 1448 2084 termini,

348 2112 376 2178 si
390 2112 539 2176 nondum
554 2109 749 2175 satisfecerit
763 2108 797 2173 in
809 2109 883 2175 loco
897 2118 973 2174 tuto
987 2109 1050 2174 sub
1061 2109 1164 2175 libera
1178 2112 1329 2176 custodia
1343 2111 1449 2177 collo·

347 2215 486 2292 cabitur,
504 2231 678 2297 quousque
698 2233 759 2278 rex
779 2212 904 2299 ipse,si
925 2232 1061 2296 presens
1082 2212 1189 2292 fuerit,
1206 2213 1260 2279 vel
1277 2214 1449 2300 presidens

347 2337 421 2383 cum
443 2316 516 2382 aliis
537 2315 772 2397 assidentibus,
793 2316 875 2401 quid
896 2317 940 2382 de
961 2315 1034 2399 ipso
1056 2318 1224 2400 agendum
1251 2318 1359 2392 fuerit,
1386 2319 1446 2383 de-

302 2431 468 2496 meamet,
488 2419 556 2504 qui,
577 2419 679 2486 tidem
709 2441 746 2486 se
771 2420 905 2486 dedisse
932 2421 977 2486 de
1004 2419 1237 2488 satisfaciendo
1265 2423 1444 2500 confessus,

347 2524 440 2590 nullo
454 2525 557 2590 modo
571 2523 740 2590 satisfecit.
784 2523 887 2608 Quod
903 2525 931 2588 si
952 2523 1045 2589 miles
1058 2523 1112 2590 vel
1134 2525 1218 2590 alius
1235 2527 1307 2591 eius
1321 2544 1446 2591 econo-

347 2647 423 2694 mus
441 2627 577 2704 venerit,
595 2647 654 2692 nec
672 2626 876 2704 satisfecerit,
893 2646 954 2711 pro
974 2626 1041 2692 fide
1060 2625 1128 2695 lesa
1148 2629 1446 2712 comprehendetur

346 2742 382 2798 et
404 2729 596 2797 marescallo
624 2731 860 2796 custodiendus
889 2730 1048 2810 tradetur,
1076 2741 1154 2816 post
1182 2732 1328 2801 solutum
1353 2754 1445 2799 scac-

346 2835 472 2901 carium
497 2833 588 2899 licite
612 2833 828 2900 vinculandus'
857 2843 891 2898 et
918 2833 952 2898 in
977 2849 1141 2900 carcerem
1166 2837 1351 2902 mittendus
1373 2838 1445 2902 siue

302 2939 442 3009 similes
471 2939 569 3004 fuerit
595 2936 667 3002 siue
692 2957 770 3002 non.
816 2937 914 3003 Miles
942 2958 1022 3003 vero
1047 2959 1147 3022 super
1174 2941 1290 3006 debito
1312 2942 1446 3025 proprio

347 3063 414 3108 non
430 3041 643 3123 satisfaciens,
658 3060 734 3106 curn
751 3049 864 3106 tamen
879 3041 922 3105 de
942 3039 1176 3108 satisfaciendo
1191 3041 1291 3108 fidem
1306 3044 1446 3124 dederit,

346 3157 423 3232 post
448 3145 596 3212 solutum
619 3145 819 3211 scaccarium
845 3145 968 3209 nonin
998 3164 1129 3210 carcere
1157 3157 1209 3212 set
1236 3147 1321 3214 infra
1349 3159 1446 3234 septa

347 3251 467 3315 domus
490 3249 665 3316 carceralis
686 3248 791 3314 libere
815 3249 1030 3327 custodietur,
1047 3248 1115 3314 fide
1139 3251 1351 3334 corporaliter
1371 3273 1446 3337 pre-

347 3353 437 3432 stita,
448 3354 538 3436 quod
551 3353 629 3418 inde
640 3353 701 3418 nisi
711 3352 797 3436 regis
811 3349 864 3418 vel
875 3351 1071 3435 presidentis
1082 3351 1214 3418 licentia
1225 3374 1291 3420 non
1305 3357 1446 3421 recedet.

302 3471 335 3524 ³⁰
348 3455 506 3522 Decreuit
525 3455 613 3520 enim
634 3457 848 3521 memorande
868 3455 1052 3520 nobilitatis
1069 3476 1128 3520 rex
1149 3457 1283 3524 illustris
1302 3470 1339 3530 vt
1357 3461 1447 3544 quis·

346 3561 421 3644 quis
451 3559 566 3625 militie
595 3558 759 3642 dignitate
789 3558 954 3644 prefulget
976 3579 1038 3642 pro
1066 3560 1182 3628 debito
1203 3562 1345 3644 proprio,
1368 3583 1445 3630 cum

346 3685 473 3751 pauper
483 3685 505 3730 a
519 3663 713 3729 vicecomite
724 3663 823 3728 simul
834 3673 901 3730 eta
914 3663 1035 3730 vicinia
1046 3673 1222 3748 reputetur,
1234 3664 1267 3730 in
1282 3685 1445 3732 carcerem

346 3789 412 3835 non
438 3769 607 3846 mittatur3
636 3776 687 3831 set
710 3785 858 3832 seorsum
891 3766 976 3832 infra
1004 3777 1100 3850 septa
1128 3769 1249 3834 domus
1274 3769 1446 3834 carceralis

347 3875 447 3940 libere
462 3872 678 3939 custodiatur.
721 3869 848 3935 Verum
863 3871 1011 3956 quisquis
1026 3871 1184 3938 mandato
1199 3871 1329 3936 domini
1344 3871 1446 3942 tidem

302 3957 335 4058 ³ss
349 3975 484 4054 dederit,
496 3977 581 4041 sicut
592 3973 779 4059 predictum
792 3982 852 4052 est,
864 3974 1050 4039 vicecomiti
1062 3985 1097 4040 et
1106 3973 1241 4038 veniens
1256 3995 1322 4040 non
1337 3975 1446 4058 soluit,

349 4076 436 4142 hunc
457 4077 693 4164 comprehendi
715 4087 750 4143 et
773 4077 806 4141 in
830 4097 1002 4158 carcerem,
1024 4077 1133 4143 soluto
1153 4080 1328 4157 scaccario,
1349 4081 1447 4159 mitti,

385 4229 637 4286 rosatisfaciatltf
705 4244 737 4302 ις
756 4231 859 4288 vileN
950 4244 982 4299 17
1002 4232 1191 4288 collocaturR
1267 4247 1302 4289 aa
1320 4249 1449 4306 compre·

346 4299 481 4360 itenditur
492 4301 528 4356 Ν
594 4315 629 4372 23
641 4301 717 4374 post]
730 4303 822 4376 primo
833 4303 871 4358 N
937 4317 972 4374 29
989 4301 1044 4359 nisi
1056 4320 1109 4362 om.
1120 4303 1157 4360 N
