3228 4868
339 271 380 338 ss
708 273 775 340 na
799 270 1075 342 scaccnnro
1327 268 1357 362 [1
1371 271 1436 350 er

336 448 510 534 pecuniam
534 446 614 514 fisco
634 447 756 514 debere
782 448 906 526 cedere,
929 447 993 514 nisi
1014 448 1099 514 sorte
1120 445 1199 514 noui
1218 447 1286 512 sint
1312 457 1346 514 et
1369 467 1437 516 non

336 552 466 618 usuales
487 551 623 629 denarii,
643 571 785 635 quorum
809 551 910 617 etiarn
934 552 1170 637 superscriptio
1193 571 1292 616 suum
1317 552 1438 635 probat

337 667 517 722 auctorem.
562 656 657 721 Tunc
678 657 767 720 enim
788 655 878 720 idem
901 657 1106 722 monetarius
1128 675 1227 740 super
1249 675 1350 741 opere
1375 674 1438 719 suo

338 761 484 826 districte
520 761 733 827 conuenietur
762 770 796 826 et
826 760 956 844 legibus
986 759 1174 827 constitutis
1210 760 1281 824 sine
1310 759 1438 826 iactura

309 863 538 937 svicecomitis
568 865 845 930 condemnabitur
873 864 925 929 vel
948 865 1150 930 absoluetur.
1196 862 1298 947 Quod
1323 863 1351 928 si
1378 882 1438 947 per

338 967 617 1033 examinationem
634 967 783 1052 probatis
803 977 837 1034 et
859 970 1044 1054 reprobatis
1065 967 1217 1049 denariis,
1235 967 1439 1032 monetarius

338 1073 601 1154 condempnatus
616 1083 650 1138 et
665 1071 801 1155 punitus
819 1071 925 1148 suerit,
942 1068 1098 1161 [denarii]
1114 1093 1136 1138 a
1150 1071 1261 1137 fusore
1281 1071 1437 1138 scaccarii

339 1175 545 1260 presentibus
570 1175 643 1242 aliis
668 1176 765 1240 huius
795 1175 875 1242 artis
898 1177 1013 1260 peritis
1042 1175 1208 1262 redigetur
1234 1177 1268 1242 in
1294 1196 1438 1241 massam

340 1287 376 1344 et
400 1279 532 1364 pondus
555 1281 623 1346 eius
649 1280 836 1348 vicecomiti
858 1281 1112 1366 computabitur.
1159 1275 1301 1369 [Verum
1328 1287 1439 1345 toturn

297 1401 329 1447 ιο
340 1384 404 1450 hoc
420 1404 505 1467 pene
520 1403 607 1448 nunc
622 1383 784 1450 abolitum
796 1393 847 1452 est
864 1393 899 1452 et
911 1384 1053 1450 multum
1068 1383 1270 1468 relinquitur,
1281 1383 1438 1466 quoniam

341 1489 375 1554 in
394 1495 526 1554 moneta
547 1486 744 1573 generaliter
765 1498 921 1572 peccatur
942 1487 986 1555 ab
1008 1488 1171 1554 omnibus.
1216 1487 1304 1554 Cum
1325 1496 1439 1552 autem

341 1593 385 1658 ad
396 1591 545 1657 debiturn
555 1599 589 1656 et
600 1591 674 1674 lege
685 1592 942 1658 determinatum
953 1593 1090 1658 modurn
1101 1599 1235 1656 moneta
1244 1589 1441 1675 peruenerit,

343 1695 511 1782 primitius
547 1695 792 1760 constitutionis
829 1695 939 1779 legem
976 1695 1144 1763 obseruari
1179 1715 1312 1761 necesse
1349 1689 1440 1779 erit]

306 1803 334 1856 K
347 1800 473 1867 Contra
486 1799 514 1862 si
536 1798 610 1881 quis
630 1800 813 1866 vicecomes
835 1819 990 1864 nummos
1008 1799 1174 1865 attulisset
1195 1818 1336 1881 quorum
1357 1797 1442 1864 libra

344 2009 387 2074 de
410 2027 500 2071 nouo
524 2005 602 2074 iacti
628 2027 695 2072 non
720 2007 849 2072 usuales
877 2007 931 2074 vel
953 2007 1099 2086 cursorii,
1121 2005 1219 2072 simili
1242 2007 1345 2072 modo
1372 2025 1440 2070 non

344 2110 496 2196 legittimi
522 2109 715 2178 dicebantur
743 2111 837 2195 quasi
858 2111 1060 2178 excedentes
1086 2110 1195 2196 legem
1221 2129 1442 2187 communem,

343 2217 478 2281 undeet
496 2215 638 2282 infiscari
658 2225 811 2298 poterant
826 2215 910 2282 sicut
929 2225 963 2284 et
983 2215 1048 2280 alii.
1094 2213 1183 2280 Item
1200 2223 1278 2282 sunt
1292 2215 1336 2278 ad
1350 2232 1443 2278 scac-

344 2319 468 2384 carium
490 2317 700 2385 liberationes
728 2319 907 2384 constitute
936 2339 1002 2402 que
1030 2318 1164 2384 statutis
1193 2317 1341 2382 terminis
1369 2317 1444 2382 sine

300 2449 332 2488 ιο
345 2423 438 2487 breui
456 2423 543 2506 regis
553 2422 732 2488 soluuntur.
778 2423 894 2506 Qualis
905 2432 956 2490 est
968 2422 1119 2488 liberatio
1131 2420 1443 2500 naucleri,custodis

345 2525 469 2591 scilicet
484 2526 577 2590 nauis
592 2527 681 2611 regie
695 2547 797 2610 quam
812 2547 982 2592 esneccam
997 2526 1145 2601 dicimus,
1159 2525 1217 2608 qui
1233 2525 1290 2588 xii.
1303 2525 1444 2610 percipit

344 2649 477 2714 quaque
494 2631 559 2696 die.
619 2630 672 2694 De
691 2651 758 2714 qua
777 2639 811 2694 et
828 2631 1054 2696 consimilibus
1075 2631 1162 2696 talee
1184 2629 1268 2694 liunt
1289 2650 1310 2694 a
1329 2649 1443 2693 carne-

345 2733 437 2798 rariis
451 2733 530 2816 quia
543 2735 587 2798 de
601 2733 663 2797 hiis
678 2734 792 2799 breuia
810 2753 875 2798 non
892 2734 1026 2800 habent.
1079 2733 1178 2798 Miles
1193 2743 1306 2799 autem
1322 2752 1441 2816 argen-

344 2839 446 2906 tarius
461 2837 579 2904 horum
599 2847 731 2907 recauta
750 2838 853 2908 habet
871 2838 905 2904 id
919 2849 971 2904 est
988 2837 1215 2906 contrataleas
1262 2837 1327 2902 Hic
1342 2836 1443 2902 simul

300 2966 332 3018 ²5
345 2951 379 3006 et
394 2941 485 3011 fusor
504 2940 610 3026 rogati
629 2962 651 3006 a
670 2942 856 3008 camerariis
874 2962 953 3008 cum
973 2962 1107 3008 necesse
1127 2941 1224 3009 suerit
1243 2950 1279 3008 et
1299 2939 1444 3024 plurima

345 3045 457 3111 delata
472 3045 609 3129 pecunia
619 3045 774 3131 opprimit
785 3053 1041 3129 computatores,
1052 3045 1167 3111 iuuant
1181 3064 1239 3112 eos
1254 3044 1287 3110 in
1302 3064 1444 3129 compu-

345 3151 483 3216 tatione.
526 3147 760 3216 Voluntarium
778 3159 891 3214 tamen
911 3159 962 3218 est
981 3148 1045 3214 hoc
1064 3149 1110 3215 eis
1128 3170 1195 3215 non
1214 3148 1444 3216 necessarium.

347 3253 403 3320 Sic
419 3253 522 3319 habes
537 3253 648 3320 militis
663 3252 840 3338 argentarii
856 3253 952 3318 simul
968 3264 1002 3319 et
1017 3251 1136 3320 lusoris
1152 3253 1270 3320 officia.

388 3357 585 3440 Discipulos.
629 3355 704 3440 Que
717 3366 795 3421 sunt
810 3356 906 3442 signa
920 3355 999 3422 iacti
1013 3355 1066 3424 vel
1081 3357 1191 3446 iniecti
1206 3355 1395 3422 examinis?

300 3481 334 3534 30
390 3459 566 3544 Magztrer.
610 3460 689 3526 Non
709 3459 789 3526 satis
809 3461 897 3540 noui,
912 3460 991 3544 quia
1011 3481 1071 3526 nec
1086 3461 1244 3526 sollicitus
1262 3481 1362 3544 super
1380 3460 1444 3525 hiis

345 3564 400 3638 sui,
424 3583 537 3630 verum
563 3564 721 3648 quamdiu
745 3585 845 3648 super
870 3565 936 3629 iam
962 3563 1125 3648 liquidum
1147 3573 1322 3648 argentum
1349 3563 1445 3647 nigra

345 3670 490 3752 quedam
512 3665 674 3734 nubecula
695 3667 894 3733 circumferri
917 3668 1125 3752 conspicitur,
1139 3667 1295 3734 iniectum
1315 3667 1444 3733 dicitur.

344 3773 396 3838 At
411 3791 487 3837 cum
502 3773 646 3854 quedam
660 3771 754 3855 quasi
770 3792 872 3855 grana
887 3771 1016 3838 minuta
1033 3772 1077 3837 ab
1091 3771 1159 3836 imo
1177 3773 1386 3838 deducuntur
1399 3773 1444 3837 ad

298 3863 300 3868 ¹
345 3895 514 3942 summum
528 3884 563 3941 et
578 3875 644 3942 illic
658 3875 884 3942 dissoluuntur
897 3876 1030 3960 signum
1045 3885 1098 3944 est
1112 3877 1306 3942 examinati.

346 4009 1060 4138 ..lliill‘dilldllllffll'imilliaffr
1100 4013 1283 4138 lim
1295 4013 1447 4140 ..illl

347 4191 355 4208 .
369 4191 376 4206 .
389 4192 396 4208 .
408 4099 539 4210 omnibui
546 4156 614 4224 post
624 4123 739 4232 necesse
748 4151 800 4210 erit
813 4154 841 4208 R
855 4095 884 4238 ⁷·
905 4100 1168 4238 effinlrlffisgng
1197 4225 1204 4238 ι
1238 4099 1446 4228 ιῖρεωεουῗήῑ

345 4224 498 4281 monetaC
569 4221 739 4296 15adJaN
804 4222 934 4296 v.]vJ.R
1007 4239 1039 4294 17
1052 4225 1262 4298 quasr]quraC
1333 4240 1447 4297 19c0n·

345 4295 441 4359 stitute
453 4294 675 4356 libencionesc
743 4309 777 4352 22
795 4305 823 4353 et
836 4313 889 4356 om.
901 4297 938 4354 N
1004 4301 1039 4356 28
1057 4296 1140 4354 simul
1151 4314 1205 4360 om.
1216 4297 1253 4352 N
