3228 4868
181 297 211 350 11
229 281 296 368 xx]
551 283 619 350 DE
641 282 917 354 SCACCARIO
1220 301 1280 372 151

183 456 302 522 mulier
326 453 398 520 viro
423 473 486 522 suo
508 466 685 542 superstes,
707 456 836 542 prolem
857 456 983 524 habeus
1005 457 1096 528 etin
1118 458 1284 528 viduitate

181 581 258 626 curn
280 561 350 645 ipsa
370 579 579 643 permanens,
598 562 728 628 ratione
749 559 851 648 prolis
870 562 924 628 cui
949 563 1089 630 debetur
1107 561 1284 642 hereditas,

175 665 411 730 conuenienda
426 673 461 730 et
476 665 682 732 cohercenda
697 675 758 750 est,
770 666 818 730 sic
838 675 954 732 tamen
966 676 1003 733 vt
1022 665 1095 734 doti
1115 666 1187 732 eius
1206 688 1280 752 par-

181 777 286 856 catur,
299 768 378 852 quia
399 768 561 852 premium
585 769 720 855 pudoris
742 778 801 834 est.
844 768 945 853 Quod
967 770 1007 850 si,
1020 769 1140 836 relictis
1162 771 1283 848 liberis,

180 871 236 937 alii
251 874 322 940 viro
342 872 459 939 mulier
473 873 647 953 adheserit,
663 873 846 960 legittimus
861 873 955 940 heres
973 894 1035 960 pro
1051 875 1165 942 debito
1179 878 1282 961 patris
1295 905 1309 958 5

181 975 428 1042 conuenientius
451 985 510 1042 est.
554 978 680 1043 Verum
704 979 733 1042 si
755 977 873 1044 mulier
900 997 967 1062 que
987 978 1128 1062 deliquit
1153 991 1187 1046 et
1213 982 1282 1066 regi

180 1089 322 1156 tenetur,
336 1080 445 1164 priore
459 1080 531 1146 viro
545 1079 617 1147 sine
631 1079 742 1146 liberis
757 1091 898 1160 mortuo,
909 1083 953 1149 ad
968 1081 1071 1148 alium
1082 1103 1118 1148 se
1132 1077 1209 1149 curn
1222 1105 1282 1151 sua

180 1184 367 1250 hereditate
381 1183 586 1250 transtulerit
601 1186 753 1254 debitum
768 1187 839 1252 eius
853 1205 874 1252 a
886 1186 959 1252 viro
973 1187 1208 1270 requirendum
1223 1197 1281 1256 est.

184 1287 262 1354 Hoc
281 1297 331 1354 est
352 1289 452 1374 igitur
467 1289 558 1373 quod
578 1289 691 1374 petisti
714 1298 749 1356 et
766 1290 813 1356 sic
832 1290 883 1354 vir
900 1309 1000 1356 causa
1016 1291 1129 1354 vxoris
1146 1301 1181 1358 et
1194 1312 1282 1358 vxor

182 1411 282 1458 causa
299 1393 361 1457 uiri
389 1393 616 1460 conuenientia
636 1402 698 1460 est.
749 1391 886 1458 Certum
908 1401 1021 1458 autem
1043 1393 1168 1460 habeas
1189 1397 1280 1479 quod
1295 1424 1327 1462 ιο

182 1515 313 1581 semper
341 1496 524 1580 legittimus
552 1496 656 1576 heres,
685 1496 743 1581 qui
772 1497 917 1564 debitori
947 1498 1105 1576 succedit,
1134 1517 1196 1583 pro
1223 1498 1282 1565 illo

182 1598 428 1666 conuenientius
454 1608 505 1666 est
529 1607 574 1676 vt,
596 1600 683 1664 sicut
705 1601 740 1664 in
770 1599 1044 1677 emolumentum,
1065 1602 1113 1666 sic
1140 1603 1174 1668 in
1198 1624 1281 1668 onus

180 1703 307 1769 subeat.
352 1703 451 1770 Solus
470 1711 582 1768 autem
602 1703 804 1790 ascriptitius
824 1713 859 1771 ct
877 1704 918 1781 is,
933 1703 991 1787 qui
1011 1705 1082 1770 sine
1099 1705 1282 1773 hereditate

181 1807 321 1883 decedit,
337 1805 480 1872 venditis
494 1805 623 1872 catallis
639 1807 717 1888 suis,
731 1828 791 1892 per
809 1815 994 1874 extremam
1009 1809 1126 1875 mortis
1139 1809 1245 1876 aleam
1260 1831 1282 1876 a

182 1910 298 1977 debito
313 1909 503 1976 liberantur.
549 1909 627 1976 Non
641 1918 756 1978 tamem
770 1911 814 1976 ab
831 1911 941 1978 annali
957 1911 990 1976 in
1009 1930 1077 1994 quo
1091 1912 1205 1976 debita
1219 1912 1281 1978 hec
1295 1940 1325 1994 ¹⁵

181 2024 390 2092 annotantur,
412 2012 475 2078 nisi
504 2033 564 2098 per
585 2014 688 2082 breue
716 2015 813 2101 regis,
834 2017 1032 2094 auferentur,
1058 2035 1134 2082 cum
1156 2015 1282 2082 scilicet

181 2119 225 2184 de
242 2118 305 2183 hiis
325 2137 346 2183 a
365 2117 569 2184 thesaurario
586 2117 656 2202 regi
678 2127 872 2203 suggestum
894 2117 993 2186 fuerit
1010 2119 1101 2203 quod
1122 2118 1282 2184 inutiliter

181 2222 216 2286 in
235 2221 344 2288 rotulo
361 2221 547 2288 ¹scribantur
565 2233 640 2287 cum
658 2221 751 2288 nullo
772 2232 874 2308 pacto
893 2221 964 2288 fieri
986 2223 1093 2307 possit
1110 2231 1147 2289 vt
1164 2223 1208 2290 ab
1228 2222 1281 2289 his

181 2326 296 2392 debita
310 2325 452 2410 pecunia
468 2326 650 2408 proueniat.
1062 2309 1064 2314 ’

225 2429 283 2495 Ad
305 2429 366 2495 hec
388 2449 486 2496 nosse
511 2437 545 2494 te
566 2430 723 2496 conuenit
743 2429 833 2515 quod
854 2429 1027 2508 indebitis
1051 2430 1150 2515 regiis
1172 2431 1280 2515 requi·
1293 2407 1355 2521 ᾗ,

180 2534 292 2600 rendis
300 2541 335 2600 et
343 2531 548 2599 debitoribus
557 2533 771 2600 cohercendis
782 2534 941 2600 baronum
949 2533 1037 2618 regis
1045 2541 1079 2600 et
1087 2543 1282 2615 ceterorum,

153 2642 155 2648 '
181 2640 239 2722 qui
254 2638 377 2723 passim
392 2657 454 2722 pro
472 2638 539 2704 suis
557 2638 750 2704 excessibus
769 2638 987 2722 pecuniariter
1004 2638 1074 2722 regi
1091 2638 1281 2723 puniuntur,

181 2761 243 2826 par
267 2741 418 2808 condicio
442 2759 509 2806 non
535 2750 595 2810 est.
639 2741 742 2806 Porro
765 2742 809 2807 de
834 2741 895 2818 his,
921 2741 1044 2826 quide
1076 2761 1153 2826 rege
1178 2739 1281 2807 nichil

180 2845 306 2911 habent
321 2847 354 2911 in
370 2844 488 2928 capite,
504 2845 560 2911 lex
573 2845 724 2931 predicta
737 2853 906 2924 seruatur;
928 2854 965 2912 at
976 2847 1004 2910 si
1019 2846 1062 2911 de
1073 2865 1152 2930 rege
1163 2853 1281 2910 tenens

180 2949 362 3025 baroniam,
385 2949 498 3015 audita
518 2948 784 3026 summonitione,
803 2947 905 3014 fidem
926 2949 960 3014 in
981 2947 1117 3032 propria
1138 2967 1280 3031 persona
1295 2973 1325 3024 ²⁵

179 3052 232 3118 vel
262 3073 322 3138 per
351 3073 487 3117 manum
516 3051 678 3136 generalis
707 3052 868 3132 economi,
898 3071 999 3136 quem
1023 3051 1125 3136 uulgo
1148 3054 1279 3117 ‘senes-

181 3155 322 3224 callum'
352 3157 476 3235 dicunt,
504 3156 538 3220 in
565 3175 699 3221 manum
730 3155 934 3222 vicecomitis
963 3156 1094 3222 dederit
1123 3154 1185 3220 sub
1214 3153 1280 3219 hoc

179 3272 296 3328 tenore
316 3259 501 3339 verborum,
515 3259 606 3344 quod
629 3262 672 3326 de
694 3259 757 3326 hac
778 3279 909 3326 summa
931 3269 966 3325 et
986 3261 1028 3325 de
1046 3259 1110 3325 hac
1131 3277 1279 3324 summo-

179 3365 308 3430 nitione
333 3375 508 3448 garantum
532 3365 693 3430 baronum
716 3363 870 3430 scaccarii
893 3364 949 3429 die
971 3363 1119 3448 compoti
1138 3363 1189 3428 sui
1211 3361 1279 3439 fiet,

179 3467 226 3534 sic
241 3468 426 3533 vicecomes
441 3477 616 3535 contentus
630 3467 684 3533 sit.
1292 3473 1325 3524 30

113 3615 116 3622 -
223 3570 261 3636 Si
275 3591 353 3637 vero
367 3572 423 3636 die
439 3571 586 3657 compoti
600 3589 683 3637 voce
700 3571 856 3655 preconia
873 3571 1051 3655 requisitus
1068 3591 1137 3637 non
1151 3569 1280 3636 venerit
1292 3592 1341 3638 xx

179 3695 240 3742 nec
261 3695 322 3761 per
343 3695 380 3740 se
402 3695 464 3742 nec
485 3695 545 3760 per
565 3675 669 3740 alium
691 3672 894 3755 satisfecerit,
915 3675 1100 3741 vicecomes
1122 3676 1212 3758 quod
1234 3674 1278 3739 ad

177 3779 286 3866 ipsum
296 3779 461 3866 pertinuit,
471 3778 585 3845 iecisse
596 3779 804 3845 iudicabitur.
848 3776 959 3844 Causa
968 3799 1046 3844 vero
1058 3778 1120 3844 hec
1129 3795 1278 3843 seorsum

175 3884 212 3950 in
220 3883 442 3949 memorandis
453 3883 607 3948 scaccarii
618 3891 776 3967 precepto
785 3880 978 3948 thesaurarii
988 3879 1164 3968 diligenter
1175 3899 1279 3946 anno·

175 3997 250 4056 tata
271 3987 306 4052 in
323 3985 423 4053 finem
445 3985 599 4054 scaccarii
622 3985 854 4068 reeeruabitur,
867 3993 904 4051 vt
925 3995 1015 4066 tunc,
1030 3983 1278 4052 communicato
1293 4007 1324 4059 as

213 4175 356 4250 sdebito]
369 4177 504 4235 debiteR
573 4175 772 4249 6deliquidR
841 4176 1078 4234 8aviroom.N
1143 4177 1277 4234 uberes

175 4251 269 4304 Μ
352 4261 384 4319 17
403 4247 624 4306 dehiist*
700 4249 733 4303 18
751 4247 922 4304 tienmN
1002 4247 1278 4321 19cultm'urnon

177 4320 347 4376 contulimus
428 4319 464 4378 26
480 4335 533 4393 per
543 4335 596 4377 om.
609 4319 637 4375 R
717 4333 752 4391 29
768 4329 916 4392 mantum
928 4320 965 4376 N
1042 4317 1102 4391 fiet]
1114 4319 1197 4376 faciet
1208 4319 1245 4374 N
