3228 4868
180 303 211 358 11
226 284 343 382 xxiiii]
530 290 597 358 DE
642 289 915 360 SCACCARIO
1220 305 1285 377 155

182 463 288 548 sequii
303 461 432 548 prestiti
448 461 501 528 vel
521 461 594 528 solo
615 463 760 530 caritatis
779 463 901 532 intuitu
915 485 924 546 3
948 464 1146 550 quibusdam
1161 472 1285 544 autem,

182 566 257 653 lege
271 565 477 632 condicionis
492 564 647 642 humane,
663 587 722 634 nec
744 587 843 652 prece
857 589 917 635 nec
934 569 1044 654 pretio
1063 569 1136 635 vult
1147 569 1285 652 adquie-

181 691 281 751 scere,
304 669 516 738 obstantibus
538 670 704 736 interdum
732 691 847 736 eorum
869 673 1003 752 meritis,
1031 672 1089 756 qui
1116 673 1287 758 possidere

182 785 372 854 noscuntur,
383 772 435 840 vel
446 775 532 840 sorte
543 775 683 858 propriis
692 775 931 858 postulantium
944 777 1068 841 meritis
1076 797 1287 862 nequaquam

160 879 245 944 ·hoc
265 878 490 962 exigentibus,
503 878 582 962 quia
603 877 655 944 vel
676 877 711 944 in
732 898 881 963 regnum,
902 878 956 943 vel
977 880 1011 944 in
1032 899 1144 964 regem
1166 879 1312 963 ipsum‚5

181 981 306 1072 aliquid
330 981 505 1067 deliquisse
523 981 708 1066 culpantur.
753 983 808 1048 De
830 983 882 1048 his
902 993 1014 1050 autem
1041 985 1089 1048 sic
1115 983 1286 1050 constituit

181 1107 243 1152 rex
256 1085 397 1169 insignis
416 1094 453 1152 vt
473 1095 653 1170 antequam
673 1094 801 1153 rectum
821 1087 1007 1165 habuerint,
1025 1086 1089 1152 hoc
1109 1097 1169 1163 est,
1190 1095 1284 1152 ante·

182 1210 284 1274 quam
299 1211 360 1274 per
373 1189 573 1256 sententiam
589 1189 802 1272 obtinuerint,
812 1191 865 1258 vel
881 1212 916 1256 re
930 1191 992 1258 sibi
1007 1191 1140 1274 penitus
1153 1190 1284 1254 abiudi-

181 1302 266 1374 cata,
292 1293 337 1360 ab
362 1294 455 1360 omni
480 1314 540 1379 spe
569 1294 755 1374 ceciderint,
780 1295 824 1360 de
848 1295 974 1360 oblatis
1003 1293 1050 1360 nil
1071 1293 1211 1374 soluant,
1232 1305 1284 1362 set

182 1397 322 1464 sufficiat
351 1397 395 1461 de
424 1395 616 1464 huiusmodi
647 1397 880 1464 vicecomitem
906 1397 1114 1482 respondere,
1138 1403 1284 1462 ‘rectum
1298 1425 1330 1462 10

182 1501 331 1567 nondum
353 1499 560 1568 habuerunt!
607 1498 785 1566 Prouideat
807 1509 920 1566 tamen
949 1502 1131 1568 vicecomes
1152 1521 1195 1566 ne
1224 1521 1285 1586 per

182 1605 291 1688 ipsum
306 1605 493 1670 debitorem
507 1614 574 1672 stet
591 1604 769 1688 quominus
783 1625 883 1671 causa
898 1605 968 1670 eius
983 1604 1172 1670 executioni
1189 1623 1281 1671 mans

182 1710 279 1776 detur
300 1708 328 1774 si
348 1707 476 1774 scilicet
496 1706 558 1774 iuri
580 1729 616 1774 se
638 1707 722 1774 nolit
748 1708 873 1786 offerre,
891 1719 928 1774 vt
945 1707 1008 1776 hac
1029 1717 1101 1777 arte
1121 1707 1284 1792 promissa

181 1812 244 1878 sibi
271 1812 412 1897 pecunia
432 1833 494 1878 rex
519 1810 698 1879 fraudetur.
742 1810 829 1878 Cum
859 1813 948 1878 enirn
981 1811 1045 1878 hoc
1074 1821 1283 1896 compertum

182 1915 279 1982 suerit
299 1915 395 1980 dolus
410 1916 441 1982 ei
456 1936 525 1981 non
541 1915 726 1996 subueniet,
744 1925 795 1981 set
810 1937 870 2002 per
884 1916 997 1982 omnia
1018 1916 1066 1981 sic
1080 1914 1285 1981 coercebitur
1298 1941 1328 1993 15

182 2037 221 2084 ac
243 2020 270 2084 si
293 2039 352 2103 per
372 2011 573 2086 sententiam
596 2017 814 2100 obtinuisset3
843 2018 940 2084 huius
965 2029 1077 2085 autem
1101 2029 1284 2103 spontanee

182 2122 349 2190 dilationis
367 2132 418 2188 est
436 2123 568 2208 signum
588 2142 664 2188 cum
684 2123 785 2188 breue
802 2123 889 2207 regis
903 2141 1007 2206 penes
1020 2142 1057 2188 se
1073 2123 1222 2189 detinens
1242 2142 1283 2188 eo

182 2246 249 2292 non
276 2227 390 2292 utitur.
451 2224 546 2292 Solet
575 2234 688 2292 umen
721 2245 798 2292 cum
826 2225 888 2303 his,
918 2227 1095 2293 miserente
1123 2225 1281 2310 principe,

182 2331 294 2398 mitius
309 2331 364 2416 agi
380 2329 437 2412 qui
452 2339 529 2412 post
544 2329 738 2413 promissam
753 2329 928 2416 pecuniam
943 2350 964 2396 a
979 2347 1078 2396 causa
1092 2331 1225 2409 cadunt,
1240 2351 1282 2394 ne
1338 2345 1342 2352 ·

180 2455 241 2518 spe
272 2455 333 2500 sua
359 2433 512 2512 frustrati,
538 2435 635 2500 rebus
661 2433 760 2500 etiam
789 2434 861 2500 sine
885 2433 1113 2502 emolumento
1136 2433 1281 2518 spoliati,
1296 2458 1327 2496 ιο

181 2537 305 2624 duplici
321 2538 519 2604 contritione
533 2547 756 2604 conterantur.

224 2640 312 2708 Sunt
335 2643 415 2708 item
437 2641 528 2708 tertii
550 2641 680 2725 generis
701 2641 927 2718 obuentiones,
949 2661 1015 2726 que
1038 2661 1106 2708 non
1126 2640 1281 2707 videntur
1296 2652 1392 2714 xxiffl

182 2765 313 2830 prorsus
339 2746 425 2812 inter
450 2745 564 2812 oblata
593 2745 826 2831 computande,
854 2753 906 2812 set
935 2744 1043 2829 magis
1068 2743 1209 2810 ‘Fines'
1234 2744 1279 2810 ad

181 2849 381 2916 scaccarium
396 2851 561 2916 dicuntur.
606 2848 694 2916 Cum
704 2849 828 2916 scilicet
842 2849 886 2914 de
899 2868 977 2933 rege
991 2859 1108 2916 tenens
1121 2849 1156 2914 in
1171 2850 1280 2933 capite

181 2953 362 3032 baroniam,
377 2953 492 3020 relicto
505 2953 636 3030 herede,
648 2953 833 3032 decesserit,
844 2961 878 3019 et
894 2952 983 3020 idem
998 2951 1093 3019 heres
1108 2973 1183 3020 cum
1203 2973 1280 3038 rege
1294 2979 1325 3032 ²5

179 3059 216 3124 in
230 3077 332 3142 quam
344 3065 456 3142 potest
470 3076 636 3124 summam
648 3057 829 3141 componit,
839 3067 876 3122 vt
887 3057 1013 3142 paterni
1025 3058 1104 3124 iuris
1115 3066 1280 3124 mereatur

181 3164 373 3246 ingressum,
388 3181 487 3244 quem
508 3160 608 3228 finem
629 3161 810 3226 ‘releuium
822 3159 831 3188 '
844 3161 947 3244 vulgo
961 3159 1102 3227 dicimus
1115 3181 1124 3241 ;
1146 3161 1236 3246 quod
1252 3159 1280 3224 si

180 3265 319 3332 baronia
333 3273 393 3343 est,
411 3265 446 3330 in
460 3265 546 3350 tegis
561 3274 612 3331 est
626 3264 838 3349 beneplacito
851 3285 917 3349 que
927 3265 1049 3332 debeat
1064 3285 1135 3332 esse
1148 3285 1281 3330 summa

181 3368 304 3438 celeuil
350 3367 387 3435 si
409 3387 489 3434 vero
511 3368 555 3434 de
583 3369 736 3436 eschaeta
764 3367 961 3452 fueritque
989 3369 1024 3438 in
1053 3389 1153 3436 manu
1183 3370 1279 3454 regis,

181 3472 356 3540 deficiente
383 3469 515 3556 herede,
536 3471 590 3540 vei
621 3471 726 3554 aliter,
755 3471 916 3550 inciderit,
949 3493 1011 3559 pro
1038 3473 1138 3540 ieodo
1167 3473 1280 3540 militis
1292 3499 1325 3550 30

180 3577 276 3646 vuius
296 3575 361 3642 hoc
383 3583 525 3642 tantum·
538 3575 617 3660 regi,
635 3576 768 3644 nomine
790 3576 915 3657 releuii,
935 3576 1052 3658 soluet,
1074 3577 1164 3662 quod
1191 3586 1279 3642 esset

180 3701 243 3746 suo
257 3681 395 3746 domino
416 3679 589 3757 solutums,
603 3679 667 3746 hoc
681 3689 732 3745 est
742 3688 876 3745 centum
890 3679 1023 3751 solidos.
1066 3679 1153 3748 Sunt
1167 3691 1280 3748 autem

181 3783 239 3870 qui
255 3783 390 3850 credant
404 3804 473 3862 eos,
487 3784 545 3868 qui
564 3783 599 3850 in
613 3783 741 3850 releuiis
756 3784 825 3870 regi
841 3793 996 3850 tenentur
1009 3805 1070 3852 nec
1085 3785 1280 3852 summoniti

180 3887 326 3965 soluunt,
339 3897 601 3972 spontaneorum
616 3887 805 3955 oblatorum
820 3887 949 3974 legibus
964 3888 1129 3955 obnoxios
1141 3897 1188 3968 vt,
1202 3909 1279 3954 curn
1330 3899 1334 3907 “

180 3992 341 4060 soluendo
363 4011 431 4058 uon
459 3991 589 4076 fuerint,
610 4003 743 4060 careant
765 3993 959 4076 impetratis.
1004 3992 1054 4059 At
1080 3993 1186 4059 ven‘us
1213 3993 1280 4058 dici
1293 4015 1325 4074 ³⁵.

180 4105 294 4182 potest
312 4104 358 4176 vt,
371 4096 458 4163 sicut
476 4097 520 4168 de
541 4096 736 4182 pecuniariis
757 4096 850 4182 penis
869 4096 918 4180 fit,
931 4096 978 4162 sic
997 4096 1057 4164 fiat
1077 4097 1120 4164 de
1141 4097 1281 4165 releuiis.

219 4249 402 4322 aquibusN
509 4252 700 4320 yestmN
800 4247 1006 4323 9de]dumR
1112 4253 1282 4324 rsdelusR

184 4321 452 4394 17signumom.R
502 4320 761 4395 breuelhabereR
842 4336 876 4395 31
895 4324 1006 4386 vnusR
1088 4323 1288 4398 sosichtN.
