3210 4864
325 294 368 360 60
693 290 760 357 DE
783 287 1057 358 SCACCARIO
1225 287 1263 373 [1.
1279 299 1423 354 mona

317 463 557 533 'communibus
577 462 762 528 necessario
781 462 942 528 utendum
962 470 1014 527 est
1027 460 1135 527 uerbis
1153 469 1191 526 ut
1210 459 1276 526 sint
1291 459 1424 544 cognati

322 589 494 636 sermones
519 566 615 634 rebus
644 567 687 632 dc
717 565 836 649 quibus
865 565 1040 650 loquimur.
1085 565 1240 632 Preterca
1268 564 1423 648 quamuis

325 672 522 758 plerumque
536 691 622 736 noua
640 669 738 736 liceat
751 669 886 735 nomina
901 668 1033 754 fingere,
1048 688 1130 752 rogo
1145 677 1257 734 tamen
1272 669 1299 732 si
1314 666 1425 752 placet

325 787 361 842 vt
375 775 503 842 usitatis
523 794 632 840 rerum
653 774 800 858 ipsarum
813 771 994 852 vocabulis,
1007 793 1073 856 que
1092 773 1136 838 ad
1156 771 1316 856 placitum
1336 780 1425 850 sunt,

294 909 311 960 *⁵
325 881 372 947 vti
402 901 470 946 non
499 879 634 964 pudeat,
663 897 724 944 nec
753 897 843 944 noua
869 877 1045 944 difficultas
1075 898 1120 942 ex
1148 875 1286 943 insolitis
1314 876 1425 942 verbis

325 984 444 1051 oborta
458 981 600 1066 amplius
617 978 806 1066 perturbet!
852 981 941 1045 Tum
957 1001 1032 1066 ego,
1047 979 1162 1046 ‘Sensi
1179 989 1213 1046 te
1228 981 1357 1059 iratum,
1373 989 1426 1046 set

323 1086 530 1170 animequior
543 1093 636 1165 est03
659 1083 778 1149 faciam
793 1084 883 1167 quod
898 1083 1049 1150 hortaris.
1088 1082 1237 1170 Surgens
1251 1103 1330 1168 ergo
1345 1084 1425 1149 sede

323 1213 370 1257 ex
396 1191 538 1256 aduerso
565 1189 663 1254 etde
685 1187 750 1253 hiis
771 1189 828 1271 qui
849 1197 884 1254 te
906 1187 1081 1255 offendunt
1102 1188 1278 1272 interroga.
1322 1187 1425 1272 Quod

326 1295 435 1380 siquid
447 1293 633 1360 inauditum
644 1293 855 1379 proposueris
870 1312 938 1357 non
951 1292 1110 1358 erubesco
1125 1291 1234 1357 dicere
1248 1294 1266 1325 “
1276 1289 1425 1372 Nesci0,'¹

284 1413 314 1468 ἰο
327 1407 377 1466 set
405 1398 645 1464 conueniamus
673 1395 775 1462 ambo
805 1395 1029 1463 discretiores!
1074 1395 1121 1460 Et
1151 1395 1216 1473 ille,
1240 1394 1319 1460 ‘Ad
1344 1403 1426 1460 vota

329 1503 519 1588 respondes.
573 1500 670 1568 Licet
698 1509 811 1566 autem
841 1500 945 1583 turpis
974 1507 1010 1565 et
1038 1499 1175 1564 ridicula
1205 1519 1255 1564 res
1284 1499 1329 1564 sit
1358 1499 1424 1564 ele·

325 1606 510 1672 mentarius
532 1625 646 1681 senex,
667 1603 712 1668 ab
734 1601 816 1689 ipsis
838 1613 951 1668 tamen
975 1603 1145 1668 elementis
1166 1601 1339 1688 incipiam'

289 1684 313 1815 ἑ
369 1707 566 1792 Discipulus.
612 1706 704 1790 Quid
719 1716 769 1772 est
784 1707 1007 1772 scaccarium?

366 1813 543 1898 Magister.
582 1809 788 1878 Scaccarium
803 1810 920 1878 tabula
934 1807 1162 1896 quadrangula
1177 1819 1227 1876 est
1241 1831 1307 1894 que
1321 1809 1425 1896 longi-

282 1943 313 1994 15
327 1917 450 1984 tudinis
479 1915 575 2000 quasi
600 1937 636 1982 x.
660 1917 794 1999 pedum,
815 1914 1002 1984 latitudinis¹
1026 1937 1057 1980 v.
1078 1915 1124 1980 ad
1146 1916 1283 1980 modum
1313 1935 1426 1980 mense

322 2019 639 2088 ¹circumsedentibus
650 2020 805 2105 apposita
815 2019 960 2103 undique
971 2018 1074 2084 habet
1087 2017 1227 2083 limbum
1242 2019 1426 2084 altitudinis

326 2124 422 2209 quasi
444 2123 498 2188 iiii.
520 2123 700 2207 digitorum
721 2143 765 2187 ne
787 2123 869 2207 quid
891 2121 1081 2207 appositum
1106 2123 1250 2189 excidat.
1304 2121 1426 2206 Super·

327 2227 461 2311 ponitur
489 2236 601 2292 autem
636 2226 800 2292 scaccario
833 2219 1025 2314 [superiori]
1058 2245 1186 2312 pannus
1217 2227 1252 2290 in
1284 2227 1426 2291 termino

325 2331 431 2396 Pasce
456 2340 599 2414 emptus,
622 2349 688 2394 non
718 2329 868 2414 quilibet,
896 2331 956 2395 sed
989 2330 1082 2413 niger
1110 2330 1210 2413 virgis
1242 2329 1426 2409 distinctus,

283 2463 314 2498 πο
328 2431 526 2500 distantibus
545 2453 567 2497 a
585 2453 622 2498 se
634 2432 735 2517 virgis
751 2432 804 2498 vel
826 2433 922 2518 pedis
944 2433 998 2499 vel
1019 2433 1131 2518 palme
1153 2443 1289 2500 extente
1307 2435 1425 2519 spatio.

328 2537 368 2602 ln
388 2535 505 2620 spatiis
524 2545 636 2602 autem
656 2534 772 2602 calculi
792 2535 877 2602 fiunt
894 2538 990 2602 iuxta
1010 2537 1141 2602 ordines
1155 2558 1233 2604 suos
1248 2538 1426 2624 dequibus

326 2639 407 2707 alias
421 2640 559 2706 dicetur.
603 2639 698 2706 Licet
718 2647 831 2706 autem
850 2641 964 2707 tabula
983 2640 1058 2707 talis
1078 2642 1274 2708 scaccarium
1289 2643 1425 2721 dicatur,

325 2744 539 2810 transumitur
559 2753 672 2810 tamen
693 2743 759 2809 hoc
777 2763 903 2810 nomen
924 2754 961 2809 vt
987 2746 1059 2830 ipsa
1083 2767 1217 2831 quoque
1240 2747 1339 2826 curia,
1360 2765 1426 2830 que

326 2848 526 2914 consedente
536 2847 699 2913 scaccario
719 2856 779 2924 est,
794 2847 997 2914 scaccarium
1012 2849 1151 2929 dicatur,
1162 2850 1247 2915 adeo
1262 2857 1299 2914 ut
1313 2850 1426 2934 siquis

280 2965 312 3028 ssa5
327 2971 387 3035 per
406 2951 607 3016 sententiam
627 2949 752 3034 aliquid
771 2951 963 3028 obtinuerit,
977 2951 1031 3016 vel
1051 2952 1175 3036 aliquid
1195 2955 1238 3019 de
1258 2953 1427 3018 communi

326 3055 461 3122 consilio
485 3054 583 3120 fuerit
605 3055 834 3134 constitutum,
857 3055 987 3121 dicatur
1013 3054 1136 3122 sactum
1160 3057 1204 3122 ad
1227 3057 1426 3122 scaccarium

325 3158 412 3224 illius
433 3155 486 3224 vel
507 3157 593 3224 illius
615 3157 701 3224 armi.
745 3157 845 3241 Quod
868 3167 981 3224 autem
1009 3158 1109 3225 hodie
1131 3160 1251 3226 dicitur
1273 3159 1316 3225 ad
1338 3180 1427 3226 scac-

322 3262 449 3328 carium
465 3261 545 3327 olim
560 3261 731 3327 dicebatur
745 3262 789 3326 ad
804 3261 919 3327 taleas.

369 3364 564 3448 Discipulus.
610 3363 751 3448 Queest
764 3365 850 3431 ratio
868 3363 967 3430 huius
980 3365 1145 3432 nominis?

280 3498 313 3550 30
368 3467 542 3551 Magister.
588 3467 690 3534 Nulla
711 3467 791 3533 mibi
810 3468 919 3534 verior
939 3470 983 3535 ad
1006 3490 1142 3554 presens
1163 3471 1307 3538 occurrit
1324 3475 1426 3556 quam'

326 3571 404 3656 quia
418 3569 571 3638 scaccarii
584 3568 688 3635 lusilis
703 3570 845 3636 similem
860 3571 962 3637 habet
976 3571 1126 3639 sormam.

368 3674 564 3760 Disczbulus.
615 3675 788 3758 Numquid
818 3675 1028 3760 antiquorum
1058 3678 1235 3761 prudentia
1263 3697 1326 3762 pro
1354 3679 1428 3744 sola

326 3781 431 3846 forma
452 3780 500 3846 sic
521 3778 723 3844 nominavit?
769 3778 856 3845 Cum
876 3791 912 3847 et
930 3781 1029 3846 simili
1050 3782 1178 3848 ratione
1198 3792 1310 3868 posset
1327 3781 1425 3848 tabu·

328 3883 444 3950 larium
459 3881 627 3968 appellari.

365 4017 467 4091 isint]
478 4018 516 4077 sit
528 4019 579 4078 CR
636 4020 998 4090 3nominaliceatnouaC
1054 4022 1433 4094 snechomaneCN

328 4105 364 4159 14
381 4091 681 4174 estquadrangulaN
726 4093 758 4148 16
777 4092 895 4150 limbum
906 4093 1038 4152 habetC
1087 4108 1120 4163 19
1142 4094 1289 4150 PascbeC
1338 4107 1427 4163 24-29

327 4177 500 4219 scaccarium
513 4161 641 4218 dicatur.
655 4203 663 4220 .
677 4202 684 4218 .
697 4162 819 4220 nominis
830 4162 878 4219 N*
992 4175 1025 4236 25
1043 4164 1194 4222 obtinuerit
1205 4164 1251 4220 rel
1259 4163 1364 4236 aliquid
1372 4181 1428 4220 om·

328 4233 388 4288 NR
478 4232 938 4302 abconstitutum1institutumll'
1024 4249 1058 4303 27
1074 4235 1252 4291 dicituradd.
1266 4235 1337 4291 Cal.
1350 4251 1426 4291 man.

329 4319 373 4376 30,
383 4317 414 4376 31
426 4303 968 4379 Magister...lormamaddN²morg.
1022 4305 1396 4378 3ooccurritadpreseusC
